3052 4882
206 315 251 386 52

311 524 431 588 Verum
453 522 661 605 gravissimus
681 527 732 586 est
750 521 893 587 Senecae
916 538 1088 587 consensus
1112 541 1183 587 cum
1204 512 1266 604 frg.
1287 527 1307 586 8

208 631 324 712 quippe
348 630 402 709 qui
424 649 482 694 uos
506 633 602 712 cogat
625 629 786 694 affirmare
809 628 896 694 Livii
919 633 954 692 et
977 627 1120 694 Senecae
1142 629 1246 693 locum
1268 647 1310 693 ex

207 735 318 800 eodem
354 737 407 802 vel
444 735 540 800 simili
575 734 664 801 fonte
700 755 862 818 manasse,
896 736 952 802 sed
988 738 1049 801 hac
1086 736 1126 801 de
1162 755 1198 801 re
1233 734 1309 802 vide

208 860 289 920 quae
322 860 419 922 supra
437 842 481 922 p.
506 846 547 905 45
579 860 625 920 sq.
659 841 906 925 disputavimus,
943 842 998 907 ubi
1030 843 1129 909 etiam
1162 840 1310 908 conferas

206 947 380 1012 Aenianum
426 946 541 1029 fragm.
586 951 641 1028 10,
692 948 775 1027 quod
821 953 956 1030 excepto
1005 952 1194 1031 argumento
1239 965 1311 1011 cum

206 1056 385 1121 Annaeana
407 1054 517 1120 fabula
540 1054 618 1119 nihil
641 1057 740 1120 habet
763 1075 936 1121 commune.
962 1053 1038 1139 (frg.
1062 1060 1080 1119 6
1100 1058 1135 1119 et
1154 1060 1170 1117 7
1196 1057 1310 1136 aperte

208 1182 228 1227 a
251 1161 433 1226 Cassandra
463 1161 550 1226 dicta
579 1180 709 1243 prorsus
738 1162 818 1226 nihil
850 1163 911 1226 hac
940 1161 973 1225 in
1000 1180 1036 1226 re
1058 1158 1194 1245 valent).
1223 1157 1312 1223 aliud

208 1258 298 1333 Accii
321 1267 550 1350 fragmentum:
573 1267 720 1350 Aegisth.
746 1273 783 1331 3:

367 1376 472 1440 celebri
492 1377 595 1460 precia
616 1396 752 1460 pressant
775 1377 958 1439 edederesse
982 1371 1072 1460 [decet
1093 1371 1178 1454 libri,

734 1483 887 1546 dedecet
911 1477 1111 1566 Buecheler]

212 1586 429 1651 aRibbeokio
462 1588 680 1667 comparatum
709 1605 778 1650 cum
806 1585 879 1650 Seu.
907 1606 937 1652 v.
965 1592 1027 1650 780
1057 1604 1103 1664 sq.
1134 1584 1311 1650 refutemus

210 1711 274 1757 non
297 1711 374 1772 opus
398 1696 449 1756 est
472 1689 516 1776 (v.
541 1711 572 1773 p.
596 1696 639 1755 44
663 1690 761 1777 adn).

315 1797 496 1864 Revocavit
509 1797 705 1863 Ribbeckius
725 1799 767 1863 ad
779 1798 870 1863 Accii
884 1798 1019 1863 Olutem.
1034 1797 1094 1862 inc.
1109 1797 1171 1863 iuc.
1190 1795 1252 1878 frg.
1270 1802 1311 1860 67

210 1924 242 1970 v.
268 1910 345 1968 125:
370 1927 456 1969 erres
479 1922 585 1968 erres:
616 1927 690 1968 narn
714 1908 894 1970 annitentem
926 1913 953 1968 te
976 1913 1001 1968 et
1018 1905 1236 1990 praefidentem
1258 1904 1314 1967 tibi

211 2013 375 2096 repriment
402 2013 523 2074 nniioine
551 2013 647 2095 lepnnn
676 2012 810 2075 habenae
832 2019 921 2096 ntpne
943 2013 1053 2097 imperi
1075 2013 1211 2074 insistent
1232 2012 1312 2095 ingo.

212 2115 325 2194 quibus
357 2114 503 2181 versibus
535 2114 730 2180 Ribbeckius
759 2115 949 2198 Aegisthum
980 2116 1134 2180 Electrae
1169 2113 1314 2180 minitari

213 2225 332 2286 censet.
361 2225 449 2286 stare
473 2219 600 2299 quidem
623 2225 731 2301 potest
753 2221 818 2286 ista
841 2221 1014 2302 sententia,
1039 2226 1184 2286 attamen
1208 2221 1314 2285 altera

213 2346 253 2392 ex
275 2331 370 2408 parte
388 2326 475 2390 haud
493 2326 595 2391 minus
615 2327 812 2393 confidenter
829 2327 1038 2407 pronuntiare
1055 2327 1143 2409 licet,
1168 2346 1185 2391 e
1204 2325 1314 2391 multis

213 2431 286 2497 aliis
322 2431 499 2514 tragoediis
536 2432 616 2497 sumi
652 2452 764 2498 versus
800 2434 871 2497 illos
907 2433 1059 2515 potuisse.
1107 2452 1205 2512 quare
1242 2451 1314 2497 cum

213 2537 399 2602 Annaeanis
418 2557 472 2602 eos
495 2558 558 2603 non
581 2539 751 2620 conferam,
777 2559 846 2603 cum
866 2539 988 2622 quibus,
1012 2539 1089 2604 licet
1108 2539 1317 2620 amplectaris

215 2643 385 2708 Ribbeckii
409 2644 612 2725 sententiam,
636 2664 748 2726 pamm
771 2644 950 2709 concinunt.
981 2645 1093 2710 melius
1117 2644 1319 2726 componitur

217 2769 286 2814 cum
308 2749 458 2831 Aegisthi
480 2750 574 2814 minis
595 2749 668 2815 Seu.
692 2769 722 2816 v.
748 2755 811 2813 988
836 2769 897 2828 sq.:

373 2858 513 2921 obstrusa
536 2880 618 2921 coeco
640 2879 758 2922 earcere
781 2865 807 2921 et
828 2879 902 2921 seno
924 2861 1024 2943 enicat

373 2985 488 3046 000000,
513 2971 539 3027 et
555 2985 613 3048 per
634 2985 734 3028 mana
757 2972 835 3027 torta
852 2985 1027 3048 poenarum
1048 2966 1152 3028 meaos
1170 3001 1210 3008 —

373 3070 458 3153 inops
481 3090 565 3154 egens
587 3071 714 3153 ineinsn,
736 3072 867 3154 poedore
889 3071 997 3134 obruto
1020 3088 1066 3148 sq.

217 3173 336 3238 Pacuv.
360 3173 521 3237 Dulorest.
546 3172 607 3255 frg.
633 3179 670 3238 31
696 3194 727 3241 v.
754 3173 862 3260 15821)

375 3301 450 3343 naen
473 3288 498 3344 te
520 3283 555 3344 in
576 3282 724 3345 tenebricae
746 3303 832 3366 saepe
855 3283 992 3346 lacerato
1015 3283 1101 3365 fante

376 3389 513 3451 clansam
536 3394 562 3449 ct
583 3388 721 3471 fatigans
744 3395 830 3452 arins
853 3396 929 3474 torto
947 3389 1129 3452 distrahant.

220 3508 279 3555 nec
301 3494 410 3554 tamen
433 3489 536 3572 ipsum
558 3489 772 3573 fragmentum
797 3492 920 3558 Seneca
942 3491 1087 3558 imitatus
1111 3497 1170 3576 est,
1202 3498 1240 3557 ut
1266 3494 1325 3573 qui
1425 3528 1428 3532 ·

222 3615 242 3660 a
261 3595 415 3677 Sophocle
434 3595 502 3678 ipso
522 3598 642 3661 colores
661 3597 838 3679 repetierit.
863 3598 1042 3663 recorderis
1060 3598 1157 3665 velim
1170 3599 1325 3682 Aegisthi

222 3720 345 3781 quoque
358 3703 460 3766 verba
474 3703 568 3767 choro
585 3722 686 3782 aeque
701 3703 880 3769 minitantis
895 3704 980 3787 apud
993 3706 1109 3771 Aesoh.
1124 3725 1156 3773 v.
1174 3710 1257 3770 1610
1272 3724 1322 3786 sq.

326 3807 418 3872 Haec
447 3812 522 3872 suut
553 3809 657 3873 omnia
680 3828 762 3889 quae
784 3810 978 3891 proferenda
1002 3811 1110 3876 censui
1132 3812 1325 3893 promissum

222 3911 433 3995 perfecturus.
480 3932 560 3992 quae
593 3914 621 3978 si
649 3920 738 3981 recte
769 3916 935 3998 disputata
966 3922 1042 3984 sunt
1068 3937 1191 3984 mecum
1219 3917 1325 3985 facies

330 4070 350 4137 ι)
369 4071 527 4123 Dulorestae
541 4071 664 4124 Electrae
679 4078 865 4141 argumentum
884 4074 1014 4128 subfuisse
1028 4075 1146 4128 ostendit
1167 4074 1197 4128 0.
1211 4074 1327 4130 Jahnins
1420 4045 1423 4049 .

225 4159 315 4212 Herm.
342 4159 370 4211 H
394 4176 419 4226 p.
446 4161 505 4213 229.
542 4160 721 4228 fragmentum
748 4177 824 4229 supra.
857 4163 976 4216 adlatum
1007 4163 1060 4216 iarn
1086 4163 1163 4217 Jahn.
1191 4168 1220 4216 et
1245 4163 1325 4218 Ribb.

226 4247 283 4314 (Tr.
302 4247 334 4299 R.
352 4265 377 4314 p.
396 4250 447 4299 242
465 4248 525 4301 adn.
545 4250 572 4315 6)
592 4265 777 4316 comparavere
796 4266 855 4303 cum
873 4250 951 4318 Soph.
970 4251 1012 4304 El.
1031 4253 1082 4304 379
1100 4267 1138 4319 sq.
