3052 4882
294 292 340 360 16

293 500 410 566 Grocm
431 502 635 584 pronuntiari
661 501 739 565 solet.
764 503 897 581 praeter
921 499 1001 565 alios
1025 499 1065 565 cf.
1087 500 1174 567 Suet.
1203 501 1243 566 de
1261 502 1336 568 Ner.
1358 509 1398 567 38

290 605 343 684 qui
366 608 481 669 narrat
503 610 676 688 tyrannum
700 605 789 671 illum
817 626 887 672 cum
917 609 1028 672 urbem
1051 607 1241 674 incenderet
1271 609 1399 675 dicente

290 711 426 790 quodam
462 710 495 775 in
532 730 677 776 sermone
715 712 871 777 communi
907 712 1044 794 primurn
1080 733 1208 780 versum
1241 715 1399 780 adiecisse

291 817 394 881 ‘immo
418 819 496 899 ἐμοῦ
519 818 650 890 ζῶντος]
690 817 765 897 quid
783 819 903 898 plura?
930 825 1059 884 constat
1077 839 1205 886 versum
1223 821 1399 886 Accianum

289 921 495 1004 proverbium
513 921 612 987 fuisse
631 923 834 988 tritissimum
853 924 936 1003 quod
956 924 1122 1006 Caligulae
1143 926 1270 990 solebat
1292 926 1325 990 in
1345 946 1399 991 ore

289 1047 360 1093 esse
376 1027 479 1112 (Suet.
496 1027 597 1110 Calig.
614 1035 664 1110 30,
680 1029 742 1093 Dio
758 1036 810 1110 58,
827 1029 882 1115 23)
904 1034 938 1094 et
950 1030 1079 1095 Tiberio
1095 1031 1250 1096 mutanti:
1270 1036 1397 1118 oderint,

289 1138 364 1200 dnn
396 1137 533 1221 proten.
572 1133 676 1219 (Suet.
702 1135 774 1200 Tib.
800 1136 866 1220 59).
913 1135 997 1201 forte
1027 1138 1088 1201 huo
1113 1136 1237 1202 Seneca
1264 1138 1399 1219 respicit

289 1242 358 1305 loco
382 1259 481 1321 supra
503 1241 635 1306 laudato
660 1244 761 1328 qnid?
787 1246 863 1308 dnin
881 1245 1038 1328 parcent?
1053 1266 1134 1327 non;
1157 1241 1232 1309 dnin
1249 1247 1402 1330 prodent?

394 1347 515 1413 Locum
537 1348 602 1413 iam
624 1369 694 1414 sum
718 1350 876 1414 allaturus
899 1349 1008 1415 multis
1031 1349 1134 1415 modis
1158 1370 1178 1415 a
1196 1351 1276 1416 uiris
1296 1353 1400 1418 doctis

289 1461 476 1538 tractatum,
515 1456 608 1538 epist.
648 1463 699 1539 80,
734 1464 749 1521 7
780 1476 826 1536 sq.
866 1457 1005 1539 scriptor
1041 1462 1077 1522 ut
1113 1459 1273 1524 humanae
1309 1460 1398 1526 vitae

286 1561 415 1626 mimum
440 1561 588 1627 illustret
611 1561 778 1627 histrionis
803 1563 948 1644 exemplo
971 1563 1089 1628 utitur:
1120 1566 1179 1648 dle,
1208 1563 1321 1645 inquit,
1347 1571 1400 1652 qni

287 1673 319 1733 in
343 1692 453 1734 scaena
477 1672 559 1735 letne
581 1672 694 1735 incedit
717 1678 743 1735 et
765 1671 838 1737 hoec
860 1673 1023 1756 resnpinns
1046 1674 1137 1735 dicit:

447 1799 483 1840 en
506 1780 622 1861 impero
640 1779 745 1862 Arpis,
769 1799 864 1862 regna
883 1778 960 1841 inihi
977 1780 1067 1862 liquit
1084 1779 1201 1862 Pelops,

447 1907 509 1969 qne
527 1891 624 1969 ponto
647 1885 686 1947 ob
709 1885 810 1949 Helles
833 1893 923 1969 otqne
945 1886 983 1948 ab
1001 1885 1094 1950 Jonio
1117 1888 1201 1948 mori

445 1999 572 2076 nipetnn
593 1991 736 2074 Jstnnos,

287 2122 387 2164 anons
416 2107 471 2163 est:
508 2101 640 2184 quinque
669 2100 783 2162 modies
806 2100 915 2183 eenpc't
939 2106 965 2163 ei
987 2101 1120 2184 qninqne
1152 2101 1302 2165 denarios
1348 2103 1399 2165 ille

288 2209 341 2292 qni
363 2207 509 2291 snperdns
532 2213 621 2290 nique
644 2207 788 2290 inpotens
811 2213 837 2269 et
858 2206 975 2287 fidncia
999 2207 1113 2270 cirinen
1136 2209 1273 2272 inmidns
1291 2209 1353 2271 ait:

404 2338 408 2348 ·
446 2314 611 2398 quodnisi
634 2314 757 2397 qnieris,
782 2313 927 2396 Manciae,
951 2312 1008 2376 doc
1032 2313 1139 2376 dentre
1162 2315 1283 2398 occides,

288 2422 438 2484 dincnnin
471 2421 587 2503 eccipnt,
621 2420 655 2482 in
688 2419 866 2483 centunculo
898 2420 1021 2482 decinit.
1069 2420 1103 2481 et
1134 2417 1259 2499 priores
1285 2437 1399 2484 versus

289 2523 485 2589 Ribbeckius
499 2527 589 2587 recte
604 2521 733 2602 quidem
755 2521 947 2586 recentioris
971 2526 1087 2602 poetae
1112 2522 1288 2604 existimat,
1309 2528 1398 2589 errat

290 2634 399 2696 autem
429 2650 499 2696 cum
530 2630 602 2694 aliis
632 2629 712 2696 uiris
736 2629 840 2694 doctis
872 2629 905 2692 in
929 2648 966 2693 eo
991 2630 1074 2708 quod
1098 2628 1240 2694 fabulam
1263 2630 1397 2696 Atreum

288 2735 413 2801 scilicet
435 2737 487 2802 vel
512 2736 678 2818 Thyesten
702 2755 719 2800 e
744 2753 807 2814 qua
826 2753 938 2800 versus
958 2733 1077 2814 sumpti
1100 2734 1226 2799 suntin
1246 2754 1398 2800 scaenam

288 2840 446 2921 prodiisse
479 2844 590 2904 censet
622 2845 699 2905 ante
736 2838 900 2903 Ciceronis
937 2838 1108 2903 Oratorem
1144 2858 1173 2903 a.
1198 2844 1240 2903 46
1273 2838 1394 2905 editum

289 2946 343 3031 (cf.
363 2946 457 3011 Rihb.
483 2945 525 3010 ad
548 2946 609 3010 inc.
635 2946 696 3010 inc.
721 2945 783 3027 frg.
809 2951 848 3008 55
874 2964 904 3010 v.
932 2950 1004 3023 104.
1030 2946 1128 3026 Trag.
1148 2945 1239 3009 Rom.
1260 2965 1291 3026 p.
1308 2946 1396 3031 eat),

289 3051 413 3134 colligit
436 3053 496 3115 hoc
520 3071 537 3115 e
559 3051 624 3115 Cic.
643 3051 697 3115 Or.
725 3056 796 3132 163,
817 3050 871 3114 ubi
885 3050 1015 3131 Lipsius
1035 3050 1194 3129 quondam
1212 3050 1396 3130 suspicatus

291 3162 365 3222 erat
388 3157 530 3222 codicum
553 3156 734 3222 mutilorum
759 3161 793 3220 et
817 3155 1084 3237 interpolatorum
1104 3155 1296 3236 scripturam
1320 3179 1400 3242 qno

281 3272 439 3351 pontns
478 3264 623 3328 Helles
658 3270 834 3348 superet
874 3264 1034 3326 neodnin
1074 3264 1202 3341 partem
1241 3262 1400 3342 praebere

288 3369 431 3434 eiusdem
467 3387 581 3434 versus
618 3387 711 3447 quern
747 3368 847 3432 habet
883 3366 1008 3431 Seneca
1048 3370 1145 3446 atque
1182 3366 1257 3431 hinc
1294 3385 1397 3431 emen·

288 3475 429 3540 dandam
449 3492 519 3539 esse
541 3473 592 3538 in:
625 3497 704 3560 qno
731 3481 859 3559 ponto
889 3474 936 3536 ab
969 3472 1122 3538 Helles.
1170 3472 1254 3551 quod
1277 3476 1399 3536 temere

289 3581 467 3647 coniectum
500 3599 571 3645 esse
600 3580 666 3645 iem
695 3580 732 3644 B.
758 3578 954 3644 Schmidtius
985 3578 1221 3652 demonstrauit
1250 3578 1284 3643 in
1315 3578 1399 3643 Mus,

287 3688 390 3752 Rhen.
430 3692 469 3751 16
506 3706 536 3768 p.
572 3692 647 3750 598.
694 3684 734 3749 cf.
768 3683 972 3766 Heerdegen.
1006 3685 1129 3766 proleg.
1168 3683 1202 3753 in
1239 3681 1308 3747 Cic·
1343 3682 1399 3746 Or.

287 3816 319 3877 p.
343 3794 498 3877 XXXVI,
532 3794 586 3874 qui
617 3794 721 3858 locum
753 3791 946 3857 coniecturis
977 3795 1150 3875 purgatum
1182 3790 1230 3856 sic
1254 3789 1399 3855 exhibet:

289 3898 390 3982 ‘Quo
428 3908 608 3987 ponins
652 3900 818 3964 Helles
862 3905 1038 3982 superni
1081 3898 1312 3961 Tianoinin
1357 3918 1402 3959 oe

294 4008 324 4071 Τ
329 4009 510 4071 anricos’
550 4042 589 4050 —
627 4008 760 4070 lecerunt
792 4005 960 4090 splendidis
992 4003 1166 4073 nominibus
1194 4003 1402 4066 ininnninoins

288 4122 331 4178 est
366 4136 478 4197 eccene,
515 4115 568 4179 sed
603 4114 765 4197 proniinns
807 4113 987 4196 inquinatus
1028 4099 1246 4179 insnnoissiino
1283 4111 1401 4172 littero:

290 4218 426 4285 ‘Finis
448 4221 677 4305 frugifero
705 4227 741 4283 ei
769 4219 950 4303 fertilia
983 4239 1086 4281 oren
1109 4219 1241 4282 Asine
1272 4223 1401 4280 tenet!
