3052 4882
214 514 309 597 Soph.
334 523 397 581 516
422 536 488 597 sq.:

291 624 346 686 Κλ.
365 625 519 708 Ἀνειμένη
542 628 600 708 μὲν
622 629 668 696 ὡς
690 631 792 698 ἔοικας
815 629 855 691 αὖ
878 631 1004 711 στρέφει.

370 733 408 795 οὗ
431 732 490 814 γὰρ
512 735 635 815 πάρεστ’
659 735 815 816 Αἴγισθος,
839 737 874 806 ὅς
896 746 924 800 α’
948 736 1089 818 ἐπεῖχ’ἀεὶ

368 839 412 919 μή
436 862 481 901 τοι
502 840 636 919 θυραίαν
659 839 786 921 γὀὖσαν
808 843 958 924 αἰσχύνειν
980 842 1103 924 φίλους·

213 948 285 1007 605.
332 944 392 1007 Hi.
606 985 646 992 —
670 947 761 1011 τοῦδέ
784 958 811 1029 γ’
840 951 938 1012 εἵνεκα

369 1161 424 1222 εἴτε
446 1161 620 1242 στόμαργον
642 1164 692 1224 εἴτ’
717 1162 869 1232 ἀναιδείας
891 1163 993 1225 πλέαν.

368 1268 396 1329 εἰ
416 1265 475 1348 γὰρ
498 1269 623 1349 πέφυκα
645 1268 743 1332 τῶνδε
765 1275 828 1332 τῶν
850 1271 951 1352 ἔργων
974 1271 1058 1352 ἴδρις,

370 1371 480 1453 σχεδόν
501 1396 527 1435 τι
549 1373 603 1454 τὴν
625 1373 683 1455 σὴν
706 1375 743 1437 οὐ
766 1376 960 1456 καταισχύνοι
983 1377 1082 1457 φύσιν.

213 1481 285 1541 621.
372 1479 508 1559 αἰσχροῖς
531 1478 589 1559 γὰρ
613 1479 722 1561 αἰσχρὰ
746 1481 899 1562 πράγματ’
924 1480 1139 1543 ἐκδιδάσκεται.

211 1585 292 1647 haec
307 1602 324 1647 e
336 1583 521 1666 Sophocleis
532 1604 562 1650 v.
574 1584 660 1666 elegi
674 1586 750 1665 qiua
759 1585 948 1651 Annaeanis
961 1586 1100 1651 maxime
1115 1586 1319 1651 conveniunt.

212 1689 364 1771 deinceps
382 1710 459 1756 vero
479 1689 693 1755 certissimum
707 1696 782 1757 sunt
801 1692 1018 1757 testimonium
1035 1693 1107 1757 Seu.
1123 1712 1153 1757 v.
1170 1699 1231 1755 997
1253 1712 1320 1772 sq‚:

254 1795 335 1878 Aeg.
369 1799 506 1883 abripite,
530 1799 656 1882 famuli,
680 1807 850 1864 monerem
873 1807 899 1864 et
922 1808 1054 1864 ooectom
1071 1802 1180 1884 procul

369 1905 707 1991 ultreMrJoereus
730 1907 879 1970 ultimo
902 1908 945 1969 ι’νι
969 1908 1090 1991 reperi
1112 1908 1268 1991 οκριιίο

368 2012 476 2075 merite
497 2018 682 2095 saeptam
706 2020 822 2076 noete
845 2013 1059 2077 tenebrosi
1081 2034 1226 2098 specus

369 2126 402 2181 ut
424 2119 594 2202 inquietam
616 2120 764 2203 uirginem
787 2141 891 2183 oereer
913 2122 1018 2185 όοιιτιτ.

210 2223 264 2302 qui
288 2222 456 2287 evidenter
480 2221 621 2288 derivati
644 2226 719 2287 sunt
742 2243 760 2288 e
784 2223 880 2305 Soph.
905 2244 935 2290 v.
962 2230 1024 2289 379
1049 2245 1116 2305 sn:

252 2329 351 2412 Χροσ,
369 2329 511 2411 μέλλουσι
534 2330 593 2410 γάρ
616 2339 653 2401 o’,
676 2332 704 2392 εἰ
723 2331 821 2393 τῶνδε
842 2332 886 2414 μὴ
910 2333 1008 2414 λήξεις
1031 2335 1124 2415 γόων,

368 2437 501 2499 ἐνταῦθα
524 2438 658 2517 πέμψειν
680 2437 756 2498 ἔνθα
778 2439 823 2519 μή
847 2439 923 2500 ποθ’
947 2439 1034 2521 ἡλίου

368 2544 482 2624 φέγγος
504 2543 665 2624 προσόψει,
688 2545 774 2616 ζῶσα
799 2543 826 2606 δ
851 2546 892 2607 ε’ν
914 2553 1150 2628 κατηρεφεῖ

368 2652 489 2732 στέγῃ
513 2650 673 2732 χθονὸς
694 2650 809 2732 τῆσδ7
833 2651 952 2721 ἐκτὸς
975 2654 1117 2735 ὑμνήσεις
1139 2655 1230 2716 κακά,

210 2755 256 2820 sic
288 2754 390 2836 codd,
428 2756 486 2820 sed
518 2755 711 2837 scripturam
742 2775 806 2820 non
835 2776 947 2822 sanam
980 2777 1051 2823 esse
1083 2760 1204 2840 primus
1236 2758 1320 2823 vidit

208 2861 467 2927 Wilamovitzius
508 2861 618 2925 Herm.
660 2861 739 2925 XIV
779 2883 810 2942 p.
855 2868 926 2945 176,
969 2865 1111 2929 correxit
1151 2864 1319 2930 Kaibelius

209 2969 318 3032 Herm.
338 2967 420 3031 XIX
441 2973 502 3031 257
523 2966 555 3030 in
574 2967 690 3049 χθονὸς
708 2971 795 3051 στέγῃ
810 2994 832 3031 τ.
848 2995 870 3032 ε.
895 2970 1050 3035 Senecam
1068 2991 1146 3037 vero
1166 2975 1319 3051 corrupta

208 3077 309 3141 verba
336 3078 373 3139 ut
400 3093 457 3138 nos
480 3073 600 3155 legisse
631 3078 665 3137 et
687 3073 969 3157 interpretationis
993 3077 1131 3142 artificio
1154 3077 1318 3158 explicare

208 3180 371 3246 studuisse
394 3184 541 3262 apparet.

315 3285 436 3368 Quibus
460 3287 616 3369 expositis
640 3287 721 3352 satis
741 3288 867 3352 elucere
887 3290 1028 3355 arbitror
1045 3290 1318 3373 Agamemnonem

208 3392 351 3459 fabulam
383 3412 400 3456 e
425 3392 568 3458 Senecae
601 3392 731 3458 officina
763 3394 812 3458 ita
834 3398 1047 3461 retractatam
1072 3396 1259 3478 provenisse
1282 3400 1320 3461 ut

207 3499 478 3566 necessitudinem
510 3500 596 3565 inter
625 3502 709 3565 hanc
741 3505 774 3564 et
806 3500 1019 3583 Aeschyleam
1051 3503 1139 3567 haud
1167 3522 1318 3586 magnam

209 3606 506 3689 deprehendamus:
542 3607 637 3672 immo
673 3609 846 3689 praevalet
882 3607 1058 3674 diversitas
1095 3628 1158 3689 qua
1195 3609 1319 3691 sapien-

208 3713 367 3779 tissimam
408 3713 528 3779 Graeci
577 3713 697 3796 tragici
743 3713 987 3795 dispositionem
1040 3716 1152 3780 rhetor
1193 3715 1319 3782 studuit

208 3821 411 3900 detorquere.
457 3819 491 3885 iu
513 3819 580 3885 ista
603 3839 722 3900 quaeso
744 3820 909 3901 paululum
937 3820 1159 3886 subsistamus
1206 3822 1318 3887 vidisti

207 3926 368 4010 Aegisthi,
405 3933 441 3992 ut
471 3927 525 4008 qui
561 3927 595 3992 in
625 3926 718 3992 initio
751 3926 917 3992 mulierem
949 3926 1107 3993 nefariam
1141 3929 1183 3993 ad
1213 3929 1318 3994 scelus

208 4034 470 4100 committendum
501 4035 660 4117 perducat
697 4040 731 4099 et
761 4036 876 4116 postea
912 4033 1000 4117 regis
1032 4034 1120 4099 necis
1151 4035 1317 4118 particeps

206 4140 275 4222 fiat,
307 4139 446 4205 maiores
477 4145 590 4222 partes
620 4159 691 4206 esse
722 4160 815 4220 quam
843 4139 877 4204 in
908 4140 1099 4223 Aeschylea.
1147 4140 1213 4205 alia
1243 4141 1317 4207 dein

206 4266 397 4328 quamquam
420 4247 584 4313 levissima
607 4246 791 4313 differentia
815 4251 866 4313 est
890 4247 974 4328 quod
1006 4250 1185 4328 tempestas
1207 4247 1317 4314 multis
