3052 4882
290 1701 328 1766 L.
348 1700 516 1766 Annaeum
537 1700 694 1767 Senecam
707 1701 904 1784 tragicorum
918 1703 1134 1768 Romanorum
1147 1707 1295 1769 veterum

184 1807 343 1874 rationem
371 1806 524 1872 habuisse
553 1827 726 1888 eorumque
749 1807 898 1891 vestigiis
926 1808 1056 1890 saepius
1078 1808 1239 1875 institisse
1261 1809 1296 1876 in

183 1912 302 1979 fabulis
326 1912 567 1979 conscribendis
591 1913 628 1978 Ο.
652 1913 851 1985 Ribbeckius
875 1913 909 1978 in
930 1913 1013 1979 libro
1032 1914 1087 1995 qui
1108 1914 1296 1981 inscribitur

182 2023 243 2095 Dic
265 2023 411 2087 1111111111
440 2022 594 2107 Troqr'r'dc'c
622 2023 666 2084 im
689 2023 833 2086 ch'tolter
863 2024 919 2087 der
940 2023 1091 2108 Repubaa
1117 2041 1175 2103 pro
1206 2026 1295 2088 certo

183 2127 361 2194 affirmavit
390 2131 425 2192 et
447 2127 593 2209 pluribus
620 2127 699 2193 locis
729 2127 887 2209 exposuit.
921 2146 1002 2208 quae
1034 2128 1199 2194 sententia
1220 2148 1296 2194 num

184 2235 228 2299 sit
249 2240 342 2300 recta
372 2254 392 2299 a
423 2234 504 2301 viris
528 2234 632 2299 doctis
665 2239 820 2315 quantum
842 2234 937 2301 video
967 2235 1106 2300 nondum
1137 2235 1295 2322 discepta-

183 2345 250 2406 tum
274 2344 338 2423 est;
370 2346 459 2406 certe
482 2340 671 2406 Fridericus
694 2342 762 2406 Leo
795 2341 829 2406 in
858 2343 1021 2411 observat.
1053 2341 1124 2407 crit.
1149 2342 1189 2407 de
1220 2343 1294 2408 Son.

183 2453 268 2532 trag.
305 2449 386 2514 nihil
422 2447 548 2513 omnino
586 2454 623 2513 ut
663 2448 835 2514 Ribbeckii
871 2449 1066 2515 sententiam
1102 2449 1296 2533 infringeret

183 2556 304 2624 attulit.
337 2557 399 2621 hoc
429 2554 568 2621 officium
592 2576 612 2621 a
635 2556 820 2622 doctissimo
848 2555 997 2623 11101110
1021 2557 1124 2640 magis
1147 2558 1295 2623 relictum

183 2663 214 2728 ei
237 2662 292 2744 qui
314 2664 450 2745 posthac
473 2661 630 2728 1111111111
658 2663 774 2729 studiis
797 2663 998 2729 incumberet
1019 2683 1115 2744 qnam
1144 2664 1294 2730 omissum

182 2769 340 2852 equidem,
371 2789 442 2835 cum
471 2769 537 2834 iam
569 2775 668 2835 antea
696 2770 938 2851 quaestionibus
965 2770 1152 2836 Annaeanis
1184 2791 1293 2837 curam

183 2875 353 2958 dedissem,
384 2876 543 2941 suadente
572 2875 682 2941 Leone
712 2875 851 2941 libenter
883 2876 975 2941 subii.
1022 2876 1107 2941 omni
1129 2876 1230 2959 igitur
1253 2897 1293 2943 ex

182 2989 277 3065 parte
299 2986 396 3049 rebus
415 2983 590 3066 diligenter
608 2984 842 3067 pervestigatis
859 2987 895 3049 et
912 2983 1079 3066 perpensis
1098 3003 1135 3049 eo
1156 2985 1292 3066 denique

183 3089 316 3170 perveni
345 3094 383 3154 ut
410 3108 601 3172 persuasum
632 3089 710 3155 mihi
733 3092 869 3155 habeam
892 3089 1065 3156 Ribbeckii
1097 3091 1293 3157 sententiam

183 3197 268 3261 nullo
291 3197 384 3262 modo
408 3202 497 3263 stare
520 3216 625 3279 posse.
665 3198 779 3278 quibus
802 3217 879 3264 vero
903 3198 1010 3263 causis
1033 3217 1233 3265 commovear
1256 3204 1293 3265 ut

181 3303 231 3369 ita
255 3303 394 3370 iudicem
419 3305 533 3370 statim
558 3305 713 3387 aperiam.
760 3307 822 3370 hac
845 3324 923 3371 vero
951 3305 985 3370 in
1011 3324 1047 3371 re
1071 3305 1180 3371 sinon
1202 3307 1292 3373 nulla

181 3411 270 3476 haud
292 3410 341 3477 ita
365 3417 437 3477 arte
461 3412 633 3478 coniuncta
656 3432 727 3478 cum
745 3412 919 3494 proposito,
944 3417 1089 3477 attamen
1111 3433 1174 3478 non
1197 3413 1291 3479 nimis

181 3522 308 3584 remota
330 3517 503 3599 respiciam
525 3518 623 3584 facile
645 3517 724 3583 mihi
747 3518 905 3600 ignosces.

280 3623 396 3704 >Atque
419 3623 555 3705 primum
574 3623 702 3705 quidem
724 3625 825 3690 liceat
847 3623 925 3688 mihi
947 3623 1030 3689 trita
1049 3643 1087 3688 ac
1105 3629 1184 3689 nota
1202 3643 1292 3706 repe·

182 3735 263 3813 tere,
301 3731 419 3813 quippe
449 3750 532 3810 quae
558 3750 622 3795 non
653 3731 748 3813 parvi
777 3730 930 3795 momenti
953 3730 1027 3796 sint.
1066 3729 1129 3796 scis
1151 3729 1292 3812 Augusti

182 3857 263 3904 1110
295 3857 505 3920 permagnam
534 3837 680 3904 evenisse
709 3837 790 3902 artis
822 3837 971 3919 poeticae
995 3837 1290 3902 commutationem:

182 3943 264 4010 alias
293 3944 365 4012 vias
395 3944 622 4028 ingrediuntur
649 3950 777 4027 poetae,
806 3944 870 4009 alio
893 3944 1033 4027 ingenio,
1065 3943 1139 4009 aliis
1166 3943 1291 4026 legibus

182 4054 310 4114 canunt.
352 4070 437 4117 1011
464 4050 611 4133 proferre
634 4051 761 4116 volunt:
794 4050 908 4130 quibus
937 4050 971 4115 in
994 4050 1110 4115 studiis
1140 4054 1291 4116 eventum

182 4171 219 4218 eo
242 4155 477 4237 prosperiorem
500 4155 667 4221 habituros
698 4174 733 4220 se
757 4174 828 4220 esse
853 4154 1012 4220 confidere
1035 4159 1197 4236 poterant,
1230 4173 1290 4234 quo

182 4257 289 4326 acrius
317 4259 352 4324 id
375 4263 528 4346 agebant,
560 4263 597 4326 ut
619 4259 727 4346 prisca
758 4280 840 4345 quae
863 4279 963 4347 usque
986 4260 1029 4330 ad
1051 4259 1086 4330 id
1108 4264 1235 4348 tempus
1257 4257 1290 4325 in
