3052 4882
1258 320 1306 388 53·

208 538 301 600 spero
338 520 551 585 contendente
587 520 633 586 sic
669 540 822 602 perquam
854 522 1007 587 credibile
1033 541 1104 587 esse
1136 522 1306 604 redditum,

208 624 362 691 Senecam
403 626 445 691 ad
489 626 678 692 recentioris
725 614 811 692 illius
852 627 970 693 Graeci
1011 633 1232 710 argumentum
1273 648 1308 694 se

207 731 397 813 applicasse.
444 752 484 797 ea
512 732 639 812 quidem
660 734 786 798 ratione
809 733 888 799 illud
915 734 948 798 iu
971 754 1061 800 usum
1083 754 1174 800 suum
1195 735 1306 817 vertit,

207 837 299 903 utin
321 837 522 920 gravissimis
546 839 668 905 duabus
691 840 846 921 partibus
876 859 894 905 e
918 840 1031 920 quibus
1054 841 1308 923 conglutinatam

206 943 331 1011 invenit
359 944 501 1010 fabulam
529 944 644 1027 istam,
682 946 724 1010 ad
754 946 925 1027 primorum
962 950 1127 1011 auctorum
1155 946 1308 1030 Aeschyli

207 1049 332 1116 scilicet
355 1055 389 1115 et
411 1050 577 1132 Sophoclis
599 1051 687 1133 ipsas
706 1051 893 1133 tragoedias
916 1052 1047 1117 rediret.

312 1156 431 1239 Quibus
460 1157 614 1239 expositis
643 1157 776 1223 relicum
799 1163 857 1240 est,
889 1163 925 1223 ut
956 1158 1098 1240 singulos
1126 1159 1213 1224 locos
1240 1178 1308 1240 per·

205 1264 386 1329 lustremus.
401 1267 508 1344 'atque
522 1263 647 1345 primus
658 1263 785 1343 quidem
798 1265 885 1329 locus
905 1264 958 1344 qui
973 1265 1013 1330 de
1027 1269 1223 1346 tempestate
1238 1264 1309 1347 agit

205 1369 375 1434 materiam
397 1369 489 1435 nobis
512 1372 649 1451 praebet
672 1370 930 1452 copiosissimam,
964 1370 1038 1450 quia
1061 1371 1162 1436 multa
1194 1373 1309 1435 extant

206 1476 389 1559 fragmenta
417 1476 614 1543 diversorum
646 1481 813 1558 poetarum
846 1496 866 1541 a
896 1476 1072 1541 Ribbeckio
1100 1478 1163 1541 huc
1192 1477 1308 1541 relata.

206 1602 316 1649 verum
353 1602 423 1648 cum
455 1582 560 1648 omnia
591 1584 673 1647 haec
704 1583 738 1647 in
767 1583 880 1648 'ordine
912 1583 1062 1664 persequi
1096 1583 1224 1665 longum
1254 1582 1307 1665 sit,

206 1688 399 1772 gravissima
434 1688 526 1753 modo
562 1690 712 1754 tractabo
750 1708 831 1768 quae
869 1688 911 1754 ad
946 1693 1068 1754 rectam
1099 1688 1186 1755 viam
1221 1707 1309 1753 mon-

206 1795 372 1860 strandam
404 1793 574 1860 sufficiant.
621 1795 822 1877 comparavit
851 1796 932 1860 haec
963 1794 1147 1877 fragmenta
1176 1794 1227 1860 vir
1254 1794 1309 1859 ille

207 1903 318 1967 doetus
342 1922 412 1967 cum
435 1902 581 1968 versibus
603 1901 803 1966 Annaeanis:
831 1902 903 1968 Liv.
928 1900 1079 1984 Aegisthi
1104 1906 1131 1964 1.
1157 1907 1186 1965 2.
1211 1900 1308 1985 (quae

205 2009 297 2074 modo
335 2007 556 2094 absolvimus),
593 2009 712 2075 Pacuv.
751 2008 868 2073 Teucri
901 2014 942 2073 14
973 2029 1003 2074 v.
1034 2012 1111 2089 3333
1148 2006 1209 2071 inc.
1243 2005 1308 2071 fab.

205 2120 334 2180 44-46
364 2135 395 2182 v.
419 2120 589 2197 408-173
622 2115 683 2180 ine.
716 2122 810 2180 2811.
836 2120 897 2179 391
930 2112 998 2198 (Tr.
1031 2114 1069 2178 R.
1094 2134 1125 2195 p.
1159 2118 1221 2177 226
1245 2131 1309 2194 sq.;

209 2228 290 2304 2683
324 2221 415 2307 336);
448 2220 539 2286 Accii
570 2221 704 2287 Clutem.
738 2227 820 2285 3-5
851 2241 882 2287 11.
908 2225 1052 2302 32-34;
1089 2219 1150 2284 inc.
1182 2218 1242 2283 ino.
1269 2223 1308 2283 21

207 2348 237 2395 v.
264 2333 304 2393 36
329 2327 397 2414 (Tr.
421 2329 460 2393 R.
485 2348 516 2410 p.
540 2327 629 2413 463).

311 2435 396 2500 Illud
427 2433 632 2516 naufragium
663 2434 697 2499 in
728 2437 827 2497 ἔπεσιν
858 2437 1043 2498 enarratum
1073 2434 1115 2497 ab
1147 2431 1221 2496 aliis
1244 2435 1312 2496 tam

207 2561 304 2623 saepe
340 2540 514 2622 repetitum
551 2546 614 2623 est,
658 2545 695 2605 ut
731 2543 990 2622 argumentorum
1030 2537 1112 2602 satis
1152 2556 1311 2619 superque

208 2647 331 2713 Seneca
362 2646 501 2727 undique
533 2647 685 2729 colligere
717 2651 835 2727 posset.
881 2663 984 2724 neque
1014 2643 1098 2708 enim
1129 2642 1309 2725 Aeschylus

207 2754 240 2819 id
270 2754 391 2836 omisit,
425 2752 478 2833 qui
501 2774 531 2819 v.
557 2759 619 2818 626
644 2772 690 2833 sq.
723 2752 868 2817 turbines
895 2751 1018 2816 nimbos
1042 2754 1152 2814 aestus
1175 2749 1310 2814 fulmina

206 2860 396 2943 pulcerrime
420 2859 600 2942 descripsit.
626 2878 708 2939 quae
732 2879 751 2923 1
771 2859 894 2923 Seneca
916 2857 1038 2921 iterata
1056 2857 1139 2937 sunt,
1165 2853 1309 2934 quamvis

206 2967 416 3033 multifariam
448 2971 544 3032 aucta
568 2969 603 3031 et
624 2965 764 3033 variata.
811 2964 961 3044 deinceps
992 2959 1138 3026 conferas
1160 2959 1309 3025 Athenae

171 3127 173 3131 ,
205 3073 410 3156 Neptunique
451 3072 650 3153 conloquium
685 3071 719 3137 in
753 3072 831 3136 Eur.
869 3071 944 3134 Tro.
980 3088 1011 3135 v.
1051 3073 1193 3149 76-9273
1230 3066 1309 3131 item

208 3181 380 3262 Sophocles
416 3179 513 3244 istam
544 3199 612 3244 rem
648 3178 843 3244 illustravit:
880 3173 1051 3256 Nauplium
1083 3173 1151 3238 eius
1181 3176 1309 3238 constat

207 3287 313 3370 egisse
332 3287 372 3351 de
387 3287 583 3352 Graecorum
602 3285 737 3350 interitu
757 3284 799 3349 ad
814 3284 1013 3364 Caphereum
1030 3275 1308 3364 promontorium)

314 3457 1198 3532 ι)Η19111’111.116Ι11’1111111111111811111111
1216 3456 1311 3507 Dauai

207 3572 265 3606 cum
284 3555 391 3605 domum
409 3553 537 3616 redirent,
555 3553 601 3602 ire
619 3552 729 3602 deorum
746 3580 780 3586 -
800 3553 949 3615 tempestate
967 3553 992 3598 et
1012 3545 1122 3611 fletibus
1140 3545 1260 3595 aduersis
1274 3545 1310 3594 ad

208 3660 278 3694 aaau
297 3642 439 3708 Capherea
457 3642 635 3706 naufragium
661 3641 799 3704 feceruut;
824 3639 853 3688 iu
871 3653 924 3703 qua
943 3639 1093 3700 tempestate
1110 3632 1186 3683 Aiace
1205 3632 1310 3682 Locrus

208 3734 321 3798 fulmiue
348 3737 386 3782 eat
405 3748 422 3781 1
441 3731 562 3781 Miaeruu
589 3730 708 3780 ictus-
727 3728 807 3779 ceteri
822 3731 901 3777 uoetu
928 3740 1004 3775 aum
1021 3723 1138 3787 fidem
1158 3721 1309 3772 deorum

208 3823 280 3887 imp
291 3822 350 3872 lor
359 3837 376 3871 1
385 3837 422 3872 re
432 3825 470 3870 ut
478 3857 487 3884 ,
509 3819 645 3884 Nauplius
657 3846 691 3854 —
706 3823 843 3882 tamquam
857 3815 992 3865 auxilium
1005 3813 1043 3864 eis
1057 3812 1186 3875 adferret,
1204 3809 1309 3872 facem

209 3911 452 3961 ardeutemeo
472 3909 526 3959 1111
551 3906 700 3959 eutulit
727 3920 888 3972 1113111
913 3906 1069 3953 acutaet
1088 3898 1309 3964 111111νὶ1111-

208 4000 331 4050 mocimus
357 4003 424 4049 eret.
452 3998 546 4048 illi-
565 4011 644 4047 aaues
662 4010 691 4046 11
710 3995 855 4057 duxeruut,
883 4007 934 4058 quo
960 3992 1032 4056 facto
1051 3988 1189 4055 plurimae
1216 4001 1310 4038 earum

208 4089 360 4153 confractae
378 4092 442 4137 suut
454 4086 600 4151 militesque
609 4084 728 4150 plurimi
740 4099 798 4134 aum
812 4081 923 4133 dumibus
937 4083 1086 4144 tempestate
1100 4076 1179 4128 occisi
1191 4080 1254 4126 suut
1271 4087 1310 4138 sq.

208 4188 293 4242 paene
311 4173 447 4241 integrum
461 4173 547 4226 locum
566 4168 701 4237 exscripsi,
719 4174 751 4223 ut
769 4168 937 4222 ostenderem
950 4163 1032 4219 verba
1044 4161 1196 4217 Annaeanis
1209 4159 1309 4229 aliqua-

210 4269 288 4320 tenus
306 4261 403 4316 similia
421 4260 502 4315 etiam
521 4259 591 4329 apud
607 4257 744 4329 Hyginum
762 4255 885 4312 inveniri.
