3052 4882
217 325 266 393 48

214 529 358 612 tragicos
393 531 555 596 Romanos
591 535 721 598 veteres
759 532 884 597 omnino
921 552 984 598 non
1020 532 1168 615 respicit,
1206 533 1324 598 nedum

213 636 441 702 Andronicum.
497 637 581 717 quod
618 641 725 702 antem
762 638 884 703 attinet
919 638 1098 721 Vergilium
1134 641 1175 704 ab
1213 658 1250 704 eo
1287 642 1324 704 ut

215 741 434 808 amantissimo
465 742 642 809 vetustatis
671 743 830 810 Naevium
861 744 1152 811 translatumesse
1176 748 1322 827 constat3

214 847 368 928 quivero
393 848 432 913 de
455 847 550 914 Livio
573 848 658 914 idem
680 849 792 915 valere
825 853 958 914 censeat
986 869 1050 914 non
1078 850 1214 915 habebit
1236 850 1323 915 loros
1398 835 1401 842 ¹

214 952 328 1032 quibus
350 952 465 1017 fulcire
487 953 592 1035 possit
614 953 795 1035 opinionem
818 953 908 1019 illam
930 954 993 1020 nisi
1015 956 1092 1020 hos:

212 1057 281 1123 Eoi.
306 1058 379 1139 VH,
406 1064 463 1122 31:
606 1061 666 1104 '—
690 1062 745 1125 leui
768 1063 805 1125 de
827 1082 983 1125 marmore
1005 1069 1068 1126 tota

419 1168 550 1250 pumiceo
572 1167 666 1230 slahis
688 1187 781 1230 suras
803 1169 917 1231 eeiuotu
941 1168 1084 1232 rothuruo

213 1273 248 1335 et
270 1269 351 1334 Aen.
375 1271 401 1353 Ι,
427 1275 504 1334 336:
532 1274 703 1357 uirpiuihus
731 1274 836 1358 Tyriis
858 1295 922 1338 mos
945 1282 986 1338 est
1006 1282 1123 1358 pestere
1140 1275 1323 1359 pharetram

527 1400 742 1464 purpureoque
764 1382 824 1445 ulte
845 1402 937 1446 surus
959 1382 1074 1447 uiueire
1096 1382 1240 1446 eothuruo

213 1484 327 1564 quibus
350 1482 496 1550 versibus
520 1484 633 1549 similis
655 1483 820 1551 invenitur
843 1485 929 1567 apud
953 1486 1082 1551 Terent.
1107 1487 1211 1551 Maur.
1237 1491 1319 1552 1931

212 1591 268 1656 ubi
290 1591 442 1673 legimus:
473 1593 581 1656 Maius
603 1594 654 1656 ille
675 1600 757 1657 retus
778 1594 877 1657 Graio
900 1597 1073 1679 euphemiae
1089 1616 1163 1659 suae

469 1700 576 1762 inserit
599 1699 829 1783 luminemus,
848 1707 933 1784 pau,
958 1702 1017 1764 tale
1039 1703 1195 1765 dorimeu:
1219 1736 1259 1753 ψ

215 1808 314 1867 1935:
347 1811 381 1867 et
403 1806 481 1867 iam
498 1825 714 1888 purpureo
735 1825 859 1869 suras
882 1807 1048 1871 include
1070 1806 1250 1870 rothuruo
1272 1823 1319 1884 sq.

212 1908 293 1974 istos
325 1911 433 1972 autem
465 1926 579 1972 versus
609 1927 718 1973 omnes
742 1908 849 1973 saiunt
874 1915 940 1974 non
968 1928 1040 1974 esse
1072 1910 1110 1974 L.
1134 1909 1320 1991 Andronici,

213 2016 271 2081 sed
295 2013 484 2080 Terentiam
508 2013 635 2098 (Haupt
657 2016 724 2080 obs.
749 2015 821 2079 orit.
847 2034 953 2096 opusc.
978 2017 1004 2098 I,
1031 2016 1118 2102 115).
1146 2015 1321 2081 similitudo

213 2121 314 2204 igitur
350 2141 432 2201 quae
474 2120 648 2187 intercedit
688 2121 867 2203 Vergilium
908 2121 994 2187 inter
1035 2126 1070 2187 et
1109 2122 1237 2189 Livium
1278 2124 1322 2188 ad

213 2228 444 2294 Terentianum
475 2227 648 2293 referenda
677 2231 729 2293 est
759 2228 814 2307 qui
844 2228 936 2295 novit
958 2228 1145 2311 Vergilium.
1170 2267 1211 2275 —
1236 2229 1322 2295 alter

213 2340 265 2401 est
286 2336 374 2401 loeus
397 2335 479 2400 Aen.
502 2335 528 2417 Ι,
554 2339 631 2399 2231
699 2372 738 2381 -
764 2358 833 2402 eura
855 2337 980 2421 Jupiter
1002 2338 1118 2401 aethere
1141 2358 1259 2402 summo

281 2517 283 2522 ,
475 2445 640 2528 despicieris
662 2464 749 2507 mare
770 2445 924 2507 velivolum
948 2480 988 2487 —

213 2549 255 2613 ad
278 2567 371 2628 quem
394 2548 532 2612 adnotat
553 2549 696 2612 Maorob.
720 2552 783 2614 sat.
807 2548 863 2630 VI,
884 2554 990 2629 5,10:
1014 2551 1122 2616 limus
1136 2553 1170 2640 iu
1184 2551 1320 2615 Heieua:

370 2664 403 2720 tu
426 2658 480 2740 qui
496 2677 675 2741 permensus
692 2659 780 2741 poeti·
802 2659 908 2720 maria
930 2659 997 2720 alta
1014 2659 1146 2722 11111011.

159 2782 161 2785 ·
212 2765 301 2826 certe
320 2779 383 2825 non
402 2764 454 2826 est
471 2761 568 2843 Livii,
587 2761 682 2826 immo
700 2761 826 2841 Laevii,
847 2760 886 2825 of.
907 2761 1050 2826 eiusdem
1068 2761 1130 2844 fig.
1153 2767 1191 2826 17
1212 2761 1255 2826 M.
1276 2799 1317 2808 -

212 2868 329 2933 tertius
352 2868 441 2932 loeus
462 2867 516 2931 hio
539 2871 604 2932 est:
628 2867 708 2933 Aen.
732 2868 788 2948 IV,
814 2873 872 2932 36:
919 2906 959 2913 —
984 2872 1133 2954 despectus
1155 2870 1274 2933 Jerbas

370 2979 565 3060 durioresque
588 2978 645 3040 alii
668 2998 741 3061 quos
764 2977 880 3059 Africa
902 2983 986 3040 terra
1010 2977 1173 3061 triumphis
1314 2978 1317 2982 ’

369 3085 449 3147 diues
471 3085 537 3147 alit

211 3188 349 3252 adnotat
372 3186 504 3254 Servius
527 3188 627 3252 Dan:
652 3190 760 3253 [huius
778 3197 880 3254 autem
894 3189 996 3253 Aucir.
1017 3190 1113 3271 refert
1131 3211 1177 3254 eos
1191 3186 1318 3274 (Afros)

209 3299 246 3360 de
274 3296 427 3359 Romauis
461 3298 582 3380 saepiam
617 3296 818 3380 triumphasse
845 3316 976 3380 suasque
1000 3297 1139 3380 perticus
1167 3296 1319 3360 Rornauis

208 3404 312 3488 spoliis
335 3405 520 3466 arioruasse:
547 3404 654 3466 merito
677 3423 745 3486 erpo
768 3399 859 3466 ‘diues
880 3402 1064 3486 triumphis!
1105 3404 1143 3465 ut
1164 3402 1225 3466 hoe
1246 3401 1318 3467 1000

209 3507 243 3571 iu
267 3506 389 3571 duobus
412 3505 546 3586 reliquis
568 3506 648 3571 loeis
671 3526 691 3571 a
715 3506 806 3573 Serv.
831 3511 999 3571 comment.
1029 3506 1182 3573 exhibitis
1204 3507 1319 3574 Livius

210 3612 253 3677 ad
284 3615 385 3679 verba
411 3614 510 3696 Verg.
548 3612 757 3695 explicanda,
794 3632 858 3678 non
893 3618 931 3678 ut
961 3618 1075 3679 auotor
1097 3612 1236 3696 Vergilii
1263 3613 1318 3681 ad·

209 3719 359 3784 sumitur:
396 3720 438 3802 X,
475 3725 504 3801 6,
538 3725 594 3786 36:
641 3718 729 3786 ί1111
763 3730 868 3786 rauu’:
904 3723 961 3786 erit
1000 3723 1207 3787 uomiuatiuus
1243 3722 1318 3788 haee

207 3828 313 3911 nubes,
360 3848 435 3891 uam
479 3828 558 3892 uubs
606 3849 668 3891 101
712 3829 844 3892 dicimus
888 3829 968 3913 puori
1010 3829 1056 3891 ait
1099 3828 1208 3892 Liuius
1248 3829 1317 3892 Aa·

207 3935 353 3998 drouieus
383 3950 447 4015 sq.;
481 3932 507 4015 Ι,
541 3937 599 3997 921
638 3930 805 3999 ‘solruutur
834 3936 952 4019 fripore
980 3934 1125 3998 membra’
1156 3933 1199 3997 ad
1222 3951 1316 4014 quem

208 4038 299 4105 Serv.
319 4039 420 4103 Dan:
443 4061 518 4103 hum
538 4047 563 4104 et
585 4041 697 4104 Graeci
715 4039 825 4122 φρικτὰ
849 4043 956 4105 diruat
979 4061 1057 4125 pirae
1079 4048 1151 4106 suat
1168 4042 1315 4127 timenda,

205 4153 240 4211 ut
276 4146 429 4212 Homerus
467 4183 517 4210 -.
551 4146 659 4212 Liuius
689 4148 722 4208 iu
764 4147 895 4233 Odyssia
932 4144 1037 4233 ‘ipitur
1072 4149 1192 4211 demum
1232 4147 1317 4212 Ultra·

206 4274 257 4316 eor
277 4254 370 4336 frixit
386 4275 466 4337 prae
482 4261 618 4337 pauore)
