<?xml version="1.0" encoding="UTF-8"?>
<!DOCTYPE html PUBLIC "-//W3C//DTD XHTML 1.0 Transitional//EN"
    "http://www.w3.org/TR/xhtml1/DTD/xhtml1-transitional.dtd">
<html xmlns="http://www.w3.org/1999/xhtml" xml:lang="en" lang="en">
 <head>
  <title>
</title>
<meta http-equiv="Content-Type" content="text/html;charset=utf-8" />
  <meta name='ocr-system' content='tesseract 3.04.00' />
  <meta name='ocr-capabilities' content='ocr_page ocr_carea ocr_par ocr_line ocrx_word'/>
</head>
<body>
  <div class='ocr_page' id='page_1' title='image "./derationeinters00stragoog_0012.png"; bbox 0 0 3052 4882; ppageno 0'>
   <div class='ocr_carea' id='block_1_1' title="bbox 1280 348 1299 413">
    <p class='ocr_par' dir='ltr' id='par_1_1' title="bbox 1280 348 1299 413">
     <span class='ocr_line' id='line_1_1' title="bbox 1280 348 1299 413; baseline 0 0"><span class='ocrx_word' id='word_1_1' title='bbox 1280 348 1299 413; x_wconf 99' lang='grc'><strong>7</strong></span> 
     </span>
    </p>
   </div>
   <div class='ocr_carea' id='block_1_2' title="bbox 161 547 1302 2000">
    <p class='ocr_par' dir='ltr' id='par_1_2' title="bbox 161 547 1299 717">
     <span class='ocr_line' id='line_1_2' title="bbox 161 547 1299 632; baseline 0.007 -24"><span class='ocrx_word' id='word_1_2' title='bbox 161 577 163 582; x_wconf 94' lang='grc'><strong><em>·</em></strong></span> <span class='ocrx_word' id='word_1_3' title='bbox 190 547 643 632; x_wconf 66' lang='grc' dir='ltr'>111111171111111111111117,Ι</span> <span class='ocrx_word' id='word_1_4' title='bbox 675 551 750 613; x_wconf 82' lang='lat' dir='ltr'>adeo</span> <span class='ocrx_word' id='word_1_5' title='bbox 780 552 879 615; x_wconf 71' lang='lat' dir='ltr'>(lucras</span> <span class='ocrx_word' id='word_1_6' title='bbox 903 559 928 614; x_wconf 83' lang='lat' dir='ltr'>ct</span> <span class='ocrx_word' id='word_1_7' title='bbox 949 554 1045 616; x_wconf 79' lang='lat' dir='ltr'>so&#39;ccrcs</span> <span class='ocrx_word' id='word_1_8' title='bbox 1068 560 1117 616; x_wconf 85' lang='lat' dir='ltr'>ast.</span> <span class='ocrx_word' id='word_1_9' title='bbox 1144 551 1184 616; x_wconf 86' lang='lat' dir='ltr'>cf.</span> <span class='ocrx_word' id='word_1_10' title='bbox 1208 553 1299 616; x_wconf 83' lang='lat' dir='ltr'>Pers</span> 
     </span>
     <span class='ocr_line' id='line_1_3' title="bbox 193 651 378 717; baseline 0.016 -3"><span class='ocrx_word' id='word_1_11' title='bbox 193 653 254 715; x_wconf 79' lang='lat' dir='ltr'>sat.</span> <span class='ocrx_word' id='word_1_12' title='bbox 278 651 295 715; x_wconf 92' lang='lat' dir='ltr'>I</span> <span class='ocrx_word' id='word_1_13' title='bbox 320 657 378 717; x_wconf 78' lang='lat'>77:</span> 
     </span>
    </p>

    <p class='ocr_par' dir='ltr' id='par_1_3' title="bbox 348 761 1144 847">
     <span class='ocr_line' id='line_1_4' title="bbox 348 761 1144 847; baseline 0.006 -22"><span class='ocrx_word' id='word_1_14' title='bbox 348 767 421 825; x_wconf 68' lang='lat' dir='ltr'>aar</span> <span class='ocrx_word' id='word_1_15' title='bbox 444 781 518 845; x_wconf 80' lang='lat' dir='ltr'>quos</span> <span class='ocrx_word' id='word_1_16' title='bbox 540 761 752 847; x_wconf 75' lang='lat' dir='ltr'>Pacuviusque</span> <span class='ocrx_word' id='word_1_17' title='bbox 776 771 802 827; x_wconf 80' lang='lat' dir='ltr'>ct</span> <span class='ocrx_word' id='word_1_18' title='bbox 824 785 984 828; x_wconf 78' lang='lat' dir='ltr'><em>verrucosa</em></span> <span class='ocrx_word' id='word_1_19' title='bbox 1007 773 1144 830; x_wconf 82' lang='lat' dir='ltr'>moretur</span> 
     </span>
    </p>

    <p class='ocr_par' dir='ltr' id='par_1_4' title="bbox 190 868 1070 1053">
     <span class='ocr_line' id='line_1_5' title="bbox 348 868 1070 953; baseline 0.008 -24"><span class='ocrx_word' id='word_1_20' title='bbox 348 868 486 951; x_wconf 79' lang='lat' dir='ltr'>Antiopa</span> <span class='ocrx_word' id='word_1_21' title='bbox 510 868 669 930; x_wconf 76' lang='lat' dir='ltr'>ceromate</span> <span class='ocrx_word' id='word_1_22' title='bbox 691 889 742 932; x_wconf 86' lang='lat' dir='ltr'>cor</span> <span class='ocrx_word' id='word_1_23' title='bbox 764 869 955 952; x_wconf 79' lang='lat' dir='ltr'>luctificabile</span> <span class='ocrx_word' id='word_1_24' title='bbox 977 871 1070 953; x_wconf 79' lang='lat' dir='ltr'>folla.</span> 
     </span>
     <span class='ocr_line' id='line_1_6' title="bbox 190 971 869 1053; baseline 0.009 -18"><span class='ocrx_word' id='word_1_25' title='bbox 190 971 268 1035; x_wconf 91' lang='lat' dir='ltr'>item</span> <span class='ocrx_word' id='word_1_26' title='bbox 291 971 435 1037; x_wconf 90' lang='lat' dir='ltr'>Martial.</span> <span class='ocrx_word' id='word_1_27' title='bbox 459 971 510 1036; x_wconf 87' lang='lat' dir='ltr'>XI</span> <span class='ocrx_word' id='word_1_28' title='bbox 533 977 585 1053; x_wconf 83' lang='lat'>90,</span> <span class='ocrx_word' id='word_1_29' title='bbox 609 971 756 1053; x_wconf 90' lang='lat' dir='ltr'>inprimis</span> <span class='ocrx_word' id='word_1_30' title='bbox 779 993 810 1040; x_wconf 91' lang='lat' dir='ltr'>v.</span> <span class='ocrx_word' id='word_1_31' title='bbox 836 981 869 1040; x_wconf 85' lang='lat'>6:</span> 
     </span>
    </p>

    <p class='ocr_par' dir='ltr' id='par_1_5' title="bbox 188 1080 1302 2000">
     <span class='ocr_line' id='line_1_7' title="bbox 349 1080 1145 1167; baseline 0.004 -24"><span class='ocrx_word' id='word_1_32' title='bbox 349 1081 461 1144; x_wconf 82' lang='lat' dir='ltr'>Accius</span> <span class='ocrx_word' id='word_1_33' title='bbox 482 1087 511 1143; x_wconf 79' lang='lat' dir='ltr'>et</span> <span class='ocrx_word' id='word_1_34' title='bbox 533 1080 686 1164; x_wconf 74' lang='lat' dir='ltr'>quidquid</span> <span class='ocrx_word' id='word_1_35' title='bbox 707 1081 918 1167; x_wconf 79' lang='lat' dir='ltr'>Pacuuiusque</span> <span class='ocrx_word' id='word_1_36' title='bbox 940 1092 1072 1149; x_wconf 77' lang='lat' dir='ltr'>comant</span> <span class='ocrx_word' id='word_1_37' title='bbox 1098 1102 1145 1163; x_wconf 86' lang='lat' dir='ltr'>sq.</span> 
     </span>
     <span class='ocr_line' id='line_1_8' title="bbox 191 1183 1302 1270; baseline 0.006 -23"><span class='ocrx_word' id='word_1_38' title='bbox 191 1183 238 1249; x_wconf 90' lang='lat' dir='ltr'>sic</span> <span class='ocrx_word' id='word_1_39' title='bbox 269 1183 326 1265; x_wconf 89' lang='lat' dir='ltr'>illi,</span> <span class='ocrx_word' id='word_1_40' title='bbox 358 1188 393 1249; x_wconf 91' lang='lat' dir='ltr'>et</span> <span class='ocrx_word' id='word_1_41' title='bbox 420 1183 576 1252; x_wconf 78' lang='lat' dir='ltr'>Senecam</span> <span class='ocrx_word' id='word_1_42' title='bbox 605 1203 718 1252; x_wconf 81' lang='lat' dir='ltr'>censes</span> <span class='ocrx_word' id='word_1_43' title='bbox 747 1185 848 1252; x_wconf 88' lang='lat' dir='ltr'>fuisse</span> <span class='ocrx_word' id='word_1_44' title='bbox 877 1187 982 1253; x_wconf 91' lang='lat' dir='ltr'>minus</span> <span class='ocrx_word' id='word_1_45' title='bbox 1009 1187 1162 1270; x_wconf 88' lang='lat' dir='ltr'>iniquum,</span> <span class='ocrx_word' id='word_1_46' title='bbox 1196 1190 1302 1270; x_wconf 91' lang='lat' dir='ltr'>quisi</span> 
     </span>
     <span class='ocr_line' id='line_1_9' title="bbox 190 1290 1301 1376; baseline 0.006 -22"><span class='ocrx_word' id='word_1_47' title='bbox 190 1291 261 1369; x_wconf 90' lang='lat' dir='ltr'>quis</span> <span class='ocrx_word' id='word_1_48' title='bbox 289 1290 372 1356; x_wconf 92' lang='lat' dir='ltr'>alius</span> <span class='ocrx_word' id='word_1_49' title='bbox 404 1290 531 1374; x_wconf 85' lang='lat' dir='ltr'>signum</span> <span class='ocrx_word' id='word_1_50' title='bbox 561 1292 611 1358; x_wconf 87' lang='lat' dir='ltr'>sui</span> <span class='ocrx_word' id='word_1_51' title='bbox 638 1292 803 1375; x_wconf 80' lang='lat' dir='ltr'>temporie,</span> <span class='ocrx_word' id='word_1_52' title='bbox 837 1298 874 1358; x_wconf 91' lang='lat' dir='ltr'>ut</span> <span class='ocrx_word' id='word_1_53' title='bbox 896 1293 945 1359; x_wconf 90' lang='lat' dir='ltr'>ita</span> <span class='ocrx_word' id='word_1_54' title='bbox 969 1294 1084 1376; x_wconf 90' lang='lat' dir='ltr'>dicam,</span> <span class='ocrx_word' id='word_1_55' title='bbox 1117 1294 1217 1360; x_wconf 87' lang='lat' dir='ltr'>fronti</span> <span class='ocrx_word' id='word_1_56' title='bbox 1247 1296 1301 1361; x_wconf 93' lang='lat' dir='ltr'>im·</span> 
     </span>
     <span class='ocr_line' id='line_1_10' title="bbox 190 1397 1302 1484; baseline 0.005 -24"><span class='ocrx_word' id='word_1_57' title='bbox 190 1415 335 1477; x_wconf 89' lang='lat' dir='ltr'>pressum</span> <span class='ocrx_word' id='word_1_58' title='bbox 354 1397 502 1461; x_wconf 83' lang='lat' dir='ltr'>habeat?</span> <span class='ocrx_word' id='word_1_59' title='bbox 523 1397 581 1462; x_wconf 90' lang='lat' dir='ltr'>sed</span> <span class='ocrx_word' id='word_1_60' title='bbox 600 1397 785 1463; x_wconf 75' lang='lat' dir='ltr'>evincamus</span> <span class='ocrx_word' id='word_1_61' title='bbox 804 1402 932 1479; x_wconf 76' lang='lat' dir='ltr'>oportet</span> <span class='ocrx_word' id='word_1_62' title='bbox 952 1418 1035 1478; x_wconf 88' lang='lat' dir='ltr'>quae</span> <span class='ocrx_word' id='word_1_63' title='bbox 1055 1399 1192 1465; x_wconf 84' lang='lat' dir='ltr'><strong>diximus</strong></span> <span class='ocrx_word' id='word_1_64' title='bbox 1210 1413 1302 1484; x_wconf 90' lang='lat' dir='ltr'>argu·</span> 
     </span>
     <span class='ocr_line' id='line_1_11' title="bbox 188 1501 1302 1589; baseline 0.005 -24"><span class='ocrx_word' id='word_1_65' title='bbox 188 1501 306 1566; x_wconf 88' lang='lat' dir='ltr'>mentis</span> <span class='ocrx_word' id='word_1_66' title='bbox 337 1521 419 1581; x_wconf 90' lang='lat' dir='ltr'>quae</span> <span class='ocrx_word' id='word_1_67' title='bbox 444 1501 586 1568; x_wconf 77' lang='lat' dir='ltr'>Senecae</span> <span class='ocrx_word' id='word_1_68' title='bbox 616 1504 739 1584; x_wconf 89' lang='lat' dir='ltr'>scripta</span> <span class='ocrx_word' id='word_1_69' title='bbox 768 1506 936 1586; x_wconf 84' lang='lat' dir='ltr'>praebent.</span> <span class='ocrx_word' id='word_1_70' title='bbox 969 1504 1178 1587; x_wconf 86' lang='lat' dir='ltr'>inspiciamus</span> <span class='ocrx_word' id='word_1_71' title='bbox 1201 1506 1302 1589; x_wconf 90' lang='lat' dir='ltr'>igitur</span> 
     </span>
     <span class='ocr_line' id='line_1_12' title="bbox 189 1609 1301 1694; baseline 0.005 -20"><span class='ocrx_word' id='word_1_72' title='bbox 189 1609 289 1675; x_wconf 91' lang='lat' dir='ltr'>libros</span> <span class='ocrx_word' id='word_1_73' title='bbox 304 1610 499 1676; x_wconf 83' lang='lat' dir='ltr'>Annaeanos</span> <span class='ocrx_word' id='word_1_74' title='bbox 517 1611 662 1693; x_wconf 85' lang='lat' dir='ltr'>pedestri</span> <span class='ocrx_word' id='word_1_75' title='bbox 681 1630 826 1677; x_wconf 85' lang='lat' dir='ltr'>sermone</span> <span class='ocrx_word' id='word_1_76' title='bbox 845 1612 1038 1694; x_wconf 89' lang='lat' dir='ltr'>compositos</span> <span class='ocrx_word' id='word_1_77' title='bbox 1054 1617 1089 1678; x_wconf 91' lang='lat' dir='ltr'>et</span> <span class='ocrx_word' id='word_1_78' title='bbox 1107 1633 1190 1693; x_wconf 91' lang='lat' dir='ltr'>quae</span> <span class='ocrx_word' id='word_1_79' title='bbox 1209 1614 1242 1679; x_wconf 92' lang='lat' dir='ltr'>in</span> <span class='ocrx_word' id='word_1_80' title='bbox 1260 1615 1301 1680; x_wconf 90' lang='lat' dir='ltr'>iis</span> 
     </span>
     <span class='ocr_line' id='line_1_13' title="bbox 191 1717 1300 1804; baseline 0.005 -23"><span class='ocrx_word' id='word_1_81' title='bbox 191 1718 234 1782; x_wconf 92' lang='lat' dir='ltr'>ad</span> <span class='ocrx_word' id='word_1_82' title='bbox 256 1717 398 1799; x_wconf 84' lang='lat' dir='ltr'>tragicos</span> <span class='ocrx_word' id='word_1_83' title='bbox 421 1717 621 1799; x_wconf 86' lang='lat' dir='ltr'>pertinentia</span> <span class='ocrx_word' id='word_1_84' title='bbox 657 1717 865 1785; x_wconf 86' lang='lat' dir='ltr'>inveniuntur</span> <span class='ocrx_word' id='word_1_85' title='bbox 901 1719 935 1784; x_wconf 90' lang='lat' dir='ltr'>in</span> <span class='ocrx_word' id='word_1_86' title='bbox 971 1738 1106 1785; x_wconf 85' lang='lat' dir='ltr'>examen</span> <span class='ocrx_word' id='word_1_87' title='bbox 1133 1740 1300 1804; x_wconf 90' lang='lat' dir='ltr'>vocemus;</span> 
     </span>
     <span class='ocr_line' id='line_1_14' title="bbox 191 1820 1302 1911; baseline 0.005 -21"><span class='ocrx_word' id='word_1_88' title='bbox 191 1824 304 1904; x_wconf 90' lang='lat' dir='ltr'>quibus</span> <span class='ocrx_word' id='word_1_89' title='bbox 327 1844 367 1890; x_wconf 88' lang='lat' dir='ltr'>ea</span> <span class='ocrx_word' id='word_1_90' title='bbox 385 1844 480 1905; x_wconf 88' lang='lat' dir='ltr'>quam</span> <span class='ocrx_word' id='word_1_91' title='bbox 503 1844 557 1890; x_wconf 90' lang='lat' dir='ltr'>res</span> <span class='ocrx_word' id='word_1_92' title='bbox 579 1826 685 1907; x_wconf 86' lang='lat' dir='ltr'>poscit</span> <span class='ocrx_word' id='word_1_93' title='bbox 708 1846 786 1891; x_wconf 89' lang='lat' dir='ltr'>cura</span> <span class='ocrx_word' id='word_1_94' title='bbox 808 1827 1043 1911; x_wconf 86' lang='lat' dir='ltr'>pervestigatis</span> <span class='ocrx_word' id='word_1_95' title='bbox 1067 1827 1207 1893; x_wconf 91' lang='lat' dir='ltr'>animum</span> <span class='ocrx_word' id='word_1_96' title='bbox 1232 1820 1302 1895; x_wconf 64' lang='lat' dir='ltr'>conss</span> 
     </span>
     <span class='ocr_line' id='line_1_15' title="bbox 189 1933 581 2000; baseline -0.003 0"><span class='ocrx_word' id='word_1_97' title='bbox 189 1937 355 2000; x_wconf 85' lang='lat' dir='ltr'>vertamus</span> <span class='ocrx_word' id='word_1_98' title='bbox 378 1934 421 1999; x_wconf 89' lang='lat' dir='ltr'>ad</span> <span class='ocrx_word' id='word_1_99' title='bbox 443 1933 581 2000; x_wconf 84' lang='lat' dir='ltr'>fabulas.</span> 
     </span>
    </p>
   </div>
   <div class='ocr_carea' id='block_1_3' title="bbox 727 2536 765 2645">
    <p class='ocr_par' dir='ltr' id='par_1_6' title="bbox 727 2536 765 2645">
     <span class='ocr_line' id='line_1_16' title="bbox 727 2536 765 2645; baseline 0.026 -1"><span class='ocrx_word' id='word_1_100' title='bbox 727 2536 765 2645; x_wconf 90' lang='lat'>1.</span> 
     </span>
    </p>
   </div>
   <div class='ocr_carea' id='block_1_4' title="bbox 170 2764 1299 4019">
    <p class='ocr_par' dir='ltr' id='par_1_7' title="bbox 170 2764 1299 4019">
     <span class='ocr_line' id='line_1_17' title="bbox 293 2764 1298 2854; baseline 0.001 -18"><span class='ocrx_word' id='word_1_101' title='bbox 293 2770 342 2836; x_wconf 86' lang='lat' dir='ltr'>Ac</span> <span class='ocrx_word' id='word_1_102' title='bbox 378 2771 514 2852; x_wconf 85' lang='lat' dir='ltr'>primum</span> <span class='ocrx_word' id='word_1_103' title='bbox 555 2771 682 2851; x_wconf 88' lang='lat' dir='ltr'>quidem</span> <span class='ocrx_word' id='word_1_104' title='bbox 724 2771 868 2837; x_wconf 86' lang='lat' dir='ltr'>Senecae</span> <span class='ocrx_word' id='word_1_105' title='bbox 908 2764 1063 2836; x_wconf 89' lang='lat' dir='ltr'>librorum</span> <span class='ocrx_word' id='word_1_106' title='bbox 1098 2772 1298 2854; x_wconf 88' lang='lat' dir='ltr'>pedestrium</span> 
     </span>
     <span class='ocr_line' id='line_1_18' title="bbox 188 2877 1299 2959; baseline 0.002 -17"><span class='ocrx_word' id='word_1_107' title='bbox 188 2896 366 2944; x_wconf 88' lang='lat' dir='ltr'>sermonem</span> <span class='ocrx_word' id='word_1_108' title='bbox 398 2877 500 2959; x_wconf 89' lang='lat' dir='ltr'>primo</span> <span class='ocrx_word' id='word_1_109' title='bbox 532 2877 597 2943; x_wconf 91' lang='lat' dir='ltr'>iam</span> <span class='ocrx_word' id='word_1_110' title='bbox 624 2880 739 2944; x_wconf 90' lang='lat' dir='ltr'>obtutu</span> <span class='ocrx_word' id='word_1_111' title='bbox 766 2878 859 2944; x_wconf 89' lang='lat' dir='ltr'>vides</span> <span class='ocrx_word' id='word_1_112' title='bbox 887 2880 1038 2943; x_wconf 90' lang='lat' dir='ltr'>ubertate</span> <span class='ocrx_word' id='word_1_113' title='bbox 1069 2877 1299 2944; x_wconf 80' lang='grc'><strong>1111111111-</strong></span> 
     </span>
     <span class='ocr_line' id='line_1_19' title="bbox 187 2983 1298 3066; baseline 0 -18"><span class='ocrx_word' id='word_1_114' title='bbox 187 2983 288 3062; x_wconf 82' lang='lat' dir='ltr'>menti</span> <span class='ocrx_word' id='word_1_115' title='bbox 324 2983 444 3066; x_wconf 90' lang='lat' dir='ltr'>poetici</span> <span class='ocrx_word' id='word_1_116' title='bbox 480 2984 564 3064; x_wconf 89' lang='lat' dir='ltr'>quod</span> <span class='ocrx_word' id='word_1_117' title='bbox 600 2983 740 3049; x_wconf 87' lang='lat' dir='ltr'>maxima</span> <span class='ocrx_word' id='word_1_118' title='bbox 777 3004 817 3049; x_wconf 85' lang='lat' dir='ltr'>ex</span> <span class='ocrx_word' id='word_1_119' title='bbox 848 2987 944 3066; x_wconf 90' lang='lat' dir='ltr'>parte</span> <span class='ocrx_word' id='word_1_120' title='bbox 981 2989 1168 3066; x_wconf 86' lang='lat' dir='ltr'>congestum</span> <span class='ocrx_word' id='word_1_121' title='bbox 1198 2989 1248 3049; x_wconf 90' lang='lat' dir='ltr'>est</span> <span class='ocrx_word' id='word_1_122' title='bbox 1281 3003 1298 3049; x_wconf 90' lang='lat' dir='ltr'>e</span> 
     </span>
     <span class='ocr_line' id='line_1_20' title="bbox 170 3089 1298 3172; baseline 0 -19"><span class='ocrx_word' id='word_1_123' title='bbox 170 3089 331 3172; x_wconf 70' lang='lat' dir='ltr'>&#39;Vergilio</span> <span class='ocrx_word' id='word_1_124' title='bbox 356 3089 471 3157; x_wconf 84' lang='lat' dir='ltr'>Ovidio</span> <span class='ocrx_word' id='word_1_125' title='bbox 501 3089 649 3171; x_wconf 90' lang='lat' dir='ltr'>Horatio,</span> <span class='ocrx_word' id='word_1_126' title='bbox 680 3090 842 3154; x_wconf 89' lang='lat' dir='ltr'>interdum</span> <span class='ocrx_word' id='word_1_127' title='bbox 864 3109 882 3154; x_wconf 94' lang='lat' dir='ltr'>e</span> <span class='ocrx_word' id='word_1_128' title='bbox 906 3089 1069 3170; x_wconf 86' lang='lat' dir='ltr'>Lucretio,</span> <span class='ocrx_word' id='word_1_129' title='bbox 1100 3089 1298 3171; x_wconf 85' lang='lat' dir='ltr'>tragicorum</span> 
     </span>
     <span class='ocr_line' id='line_1_21' title="bbox 188 3195 1296 3276; baseline -0.003 -14"><span class='ocrx_word' id='word_1_130' title='bbox 188 3214 266 3262; x_wconf 89' lang='lat' dir='ltr'>vero</span> <span class='ocrx_word' id='word_1_131' title='bbox 288 3196 475 3262; x_wconf 89' lang='lat' dir='ltr'>memoriam</span> <span class='ocrx_word' id='word_1_132' title='bbox 497 3196 566 3261; x_wconf 87' lang='lat' dir='ltr'>fere</span> <span class='ocrx_word' id='word_1_133' title='bbox 589 3215 745 3276; x_wconf 91' lang='lat' dir='ltr'>nusquam</span> <span class='ocrx_word' id='word_1_134' title='bbox 768 3200 826 3262; x_wconf 90' lang='lat' dir='ltr'>aut</span> <span class='ocrx_word' id='word_1_135' title='bbox 847 3215 981 3276; x_wconf 89' lang='lat' dir='ltr'>perraro</span> <span class='ocrx_word' id='word_1_136' title='bbox 1005 3199 1119 3260; x_wconf 84' lang='lat' dir='ltr'>extare</span> <span class='ocrx_word' id='word_1_137' title='bbox 1142 3195 1296 3272; x_wconf 85' lang='lat' dir='ltr'>iuvenies.</span> 
     </span>
     <span class='ocr_line' id='line_1_22' title="bbox 187 3302 1297 3383; baseline -0.002 -15"><span class='ocrx_word' id='word_1_138' title='bbox 187 3303 242 3383; x_wconf 90' lang='lat' dir='ltr'>qui</span> <span class='ocrx_word' id='word_1_139' title='bbox 272 3307 381 3368; x_wconf 92' lang='lat' dir='ltr'>autem</span> <span class='ocrx_word' id='word_1_140' title='bbox 403 3303 437 3368; x_wconf 89' lang='lat' dir='ltr'>in</span> <span class='ocrx_word' id='word_1_141' title='bbox 459 3304 550 3369; x_wconf 90' lang='lat' dir='ltr'>libris</span> <span class='ocrx_word' id='word_1_142' title='bbox 572 3303 645 3369; x_wconf 90' lang='lat' dir='ltr'>istis</span> <span class='ocrx_word' id='word_1_143' title='bbox 674 3304 785 3369; x_wconf 90' lang='lat' dir='ltr'>insunt</span> <span class='ocrx_word' id='word_1_144' title='bbox 807 3302 870 3368; x_wconf 92' lang='lat' dir='ltr'>loci</span> <span class='ocrx_word' id='word_1_145' title='bbox 892 3304 954 3368; x_wconf 92' lang='lat' dir='ltr'>huc</span> <span class='ocrx_word' id='word_1_146' title='bbox 977 3306 1164 3383; x_wconf 87' lang='lat' dir='ltr'>spectantes</span> <span class='ocrx_word' id='word_1_147' title='bbox 1188 3320 1297 3367; x_wconf 89' lang='lat' dir='ltr'>omnes</span> 
     </span>
     <span class='ocr_line' id='line_1_23' title="bbox 188 3405 1297 3489; baseline -0.003 -16"><span class='ocrx_word' id='word_1_148' title='bbox 188 3408 269 3473; x_wconf 91' lang='lat' dir='ltr'>adeo</span> <span class='ocrx_word' id='word_1_149' title='bbox 292 3427 357 3473; x_wconf 91' lang='lat' dir='ltr'>non</span> <span class='ocrx_word' id='word_1_150' title='bbox 378 3408 463 3473; x_wconf 91' lang='lat' dir='ltr'>hanc</span> <span class='ocrx_word' id='word_1_151' title='bbox 484 3407 746 3489; x_wconf 84' lang='lat' dir='ltr'>praeseferunt</span> <span class='ocrx_word' id='word_1_152' title='bbox 768 3411 919 3472; x_wconf 89' lang='lat' dir='ltr'>naturam</span> <span class='ocrx_word' id='word_1_153' title='bbox 938 3411 974 3471; x_wconf 92' lang='lat' dir='ltr'>ut</span> <span class='ocrx_word' id='word_1_154' title='bbox 994 3406 1150 3472; x_wconf 91' lang='lat' dir='ltr'>Senecam</span> <span class='ocrx_word' id='word_1_155' title='bbox 1168 3405 1297 3471; x_wconf 87' lang='lat' dir='ltr'>fabulas</span> 
     </span>
     <span class='ocr_line' id='line_1_24' title="bbox 186 3508 1297 3596; baseline -0.003 -16"><span class='ocrx_word' id='word_1_156' title='bbox 186 3515 276 3596; x_wconf 90' lang='lat' dir='ltr'>ipsas</span> <span class='ocrx_word' id='word_1_157' title='bbox 305 3513 473 3581; x_wconf 85' lang='lat' dir='ltr'>lectitasse</span> <span class='ocrx_word' id='word_1_158' title='bbox 497 3515 680 3595; x_wconf 88' lang='lat' dir='ltr'>ostendant,</span> <span class='ocrx_word' id='word_1_159' title='bbox 714 3518 751 3579; x_wconf 94' lang='lat' dir='ltr'>ut</span> <span class='ocrx_word' id='word_1_160' title='bbox 782 3512 986 3578; x_wconf 89' lang='lat' dir='ltr'>econtrario</span> <span class='ocrx_word' id='word_1_161' title='bbox 1017 3531 1035 3576; x_wconf 89' lang='lat' dir='ltr'>e</span> <span class='ocrx_word' id='word_1_162' title='bbox 1062 3508 1297 3577; x_wconf 84' lang='lat' dir='ltr'>recentioribus</span> 
     </span>
     <span class='ocr_line' id='line_1_25' title="bbox 187 3617 1295 3700; baseline -0.005 -13"><span class='ocrx_word' id='word_1_163' title='bbox 187 3621 329 3687; x_wconf 83' lang='lat' dir='ltr'>fontibus</span> <span class='ocrx_word' id='word_1_164' title='bbox 358 3619 489 3687; x_wconf 84' lang='lat' dir='ltr'>fluxisse</span> <span class='ocrx_word' id='word_1_165' title='bbox 511 3621 695 3687; x_wconf 89' lang='lat' dir='ltr'>videantur.</span> <span class='ocrx_word' id='word_1_166' title='bbox 742 3626 840 3700; x_wconf 90' lang='lat' dir='ltr'>atque</span> <span class='ocrx_word' id='word_1_167' title='bbox 863 3624 900 3684; x_wconf 91' lang='lat' dir='ltr'>ut</span> <span class='ocrx_word' id='word_1_168' title='bbox 923 3637 1110 3684; x_wconf 89' lang='lat' dir='ltr'>enumerare</span> <span class='ocrx_word' id='word_1_169' title='bbox 1133 3617 1295 3698; x_wconf 86' lang='lat' dir='ltr'>incipiam,</span> 
     </span>
     <span class='ocr_line' id='line_1_26' title="bbox 187 3722 1296 3808; baseline -0.005 -16"><span class='ocrx_word' id='word_1_170' title='bbox 187 3727 320 3793; x_wconf 84' lang='lat' dir='ltr'>afferam</span> <span class='ocrx_word' id='word_1_171' title='bbox 339 3726 475 3808; x_wconf 92' lang='lat' dir='ltr'>primum</span> <span class='ocrx_word' id='word_1_172' title='bbox 495 3732 528 3791; x_wconf 93' lang='lat' dir='ltr'>et</span> <span class='ocrx_word' id='word_1_173' title='bbox 548 3727 590 3791; x_wconf 94' lang='lat' dir='ltr'>ad</span> <span class='ocrx_word' id='word_1_174' title='bbox 607 3728 740 3793; x_wconf 86' lang='lat' dir='ltr'>verbum</span> <span class='ocrx_word' id='word_1_175' title='bbox 755 3724 980 3805; x_wconf 84' lang='lat' dir='ltr'>transcribam,</span> <span class='ocrx_word' id='word_1_176' title='bbox 1001 3723 1076 3803; x_wconf 88' lang='lat' dir='ltr'>quia</span> <span class='ocrx_word' id='word_1_177' title='bbox 1091 3722 1296 3804; x_wconf 88' lang='lat' dir='ltr'>apertissime</span> 
     </span>
     <span class='ocr_line' id='line_1_27' title="bbox 188 3828 1296 3913; baseline -0.005 -15"><span class='ocrx_word' id='word_1_178' title='bbox 188 3833 390 3898; x_wconf 89' lang='lat' dir='ltr'>demonstrat</span> <span class='ocrx_word' id='word_1_179' title='bbox 412 3833 489 3913; x_wconf 88' lang='lat' dir='ltr'>quid</span> <span class='ocrx_word' id='word_1_180' title='bbox 513 3832 677 3898; x_wconf 85' lang='lat' dir='ltr'>existimet</span> <span class='ocrx_word' id='word_1_181' title='bbox 701 3832 825 3898; x_wconf 90' lang='lat' dir='ltr'>Seneca</span> <span class='ocrx_word' id='word_1_182' title='bbox 850 3833 889 3896; x_wconf 90' lang='lat' dir='ltr'>de</span> <span class='ocrx_word' id='word_1_183' title='bbox 908 3830 1006 3895; x_wconf 85' lang='lat' dir='ltr'>Ennii</span> <span class='ocrx_word' id='word_1_184' title='bbox 1029 3829 1186 3909; x_wconf 81' lang='lat' dir='ltr'>versibus,</span> <span class='ocrx_word' id='word_1_185' title='bbox 1210 3828 1296 3910; x_wconf 83' lang='lat' dir='ltr'>frag-</span> 
     </span>
     <span class='ocr_line' id='line_1_28' title="bbox 188 3932 1295 4019; baseline -0.005 -15"><span class='ocrx_word' id='word_1_186' title='bbox 188 3945 329 4006; x_wconf 90' lang='lat' dir='ltr'>mentum</span> <span class='ocrx_word' id='word_1_187' title='bbox 366 3945 519 4005; x_wconf 81' lang='lat' dir='ltr'>llo-15</span> <span class='ocrx_word' id='word_1_188' title='bbox 558 3939 694 4004; x_wconf 89' lang='lat' dir='ltr'>citatum</span> <span class='ocrx_word' id='word_1_189' title='bbox 726 3958 746 4003; x_wconf 93' lang='lat' dir='ltr'>a</span> <span class='ocrx_word' id='word_1_190' title='bbox 778 3938 883 4005; x_wconf 81' lang='lat' dir='ltr'>Gellio</span> <span class='ocrx_word' id='word_1_191' title='bbox 917 3941 1002 4002; x_wconf 92' lang='lat' dir='ltr'>noct.</span> <span class='ocrx_word' id='word_1_192' title='bbox 1034 3937 1104 4000; x_wconf 82' lang='lat' dir='ltr'>Att.</span> <span class='ocrx_word' id='word_1_193' title='bbox 1137 3935 1203 4000; x_wconf 87' lang='lat' dir='ltr'>XII</span> <span class='ocrx_word' id='word_1_194' title='bbox 1236 3932 1295 4019; x_wconf 60' lang='lat' dir='ltr'>nst)</span> 
     </span>
    </p>
   </div>
   <div class='ocr_carea' id='block_1_5' title="bbox 188 4107 1296 4362">
    <p class='ocr_par' dir='ltr' id='par_1_8' title="bbox 188 4107 1296 4362">
     <span class='ocr_line' id='line_1_29' title="bbox 294 4107 1296 4181; baseline -0.008 -13"><span class='ocrx_word' id='word_1_195' title='bbox 294 4111 315 4181; x_wconf 92' lang='lat'>¹)</span> <span class='ocrx_word' id='word_1_196' title='bbox 333 4113 362 4168; x_wconf 92' lang='grc'>11</span> <span class='ocrx_word' id='word_1_197' title='bbox 380 4111 522 4167; x_wconf 85' lang='lat' dir='ltr'>efferendis</span> <span class='ocrx_word' id='word_1_198' title='bbox 539 4111 605 4166; x_wconf 90' lang='lat' dir='ltr'>locis</span> <span class='ocrx_word' id='word_1_199' title='bbox 624 4111 787 4180; x_wconf 88' lang='lat' dir='ltr'>depromptis</span> <span class='ocrx_word' id='word_1_200' title='bbox 806 4127 820 4164; x_wconf 90' lang='lat' dir='ltr'>e</span> <span class='ocrx_word' id='word_1_201' title='bbox 838 4116 926 4164; x_wconf 87' lang='lat' dir='ltr'>natur.</span> <span class='ocrx_word' id='word_1_202' title='bbox 947 4114 1048 4176; x_wconf 88' lang='lat' dir='ltr'>quaest.</span> <span class='ocrx_word' id='word_1_203' title='bbox 1063 4108 1145 4174; x_wconf 87' lang='lat' dir='ltr'>libris,</span> <span class='ocrx_word' id='word_1_204' title='bbox 1166 4107 1296 4175; x_wconf 86' lang='lat' dir='ltr'>epistulis,</span> 
     </span>
     <span class='ocr_line' id='line_1_30' title="bbox 188 4197 1295 4270; baseline -0.004 -16"><span class='ocrx_word' id='word_1_205' title='bbox 188 4202 355 4270; x_wconf 81' lang='lat' dir='ltr'>fragmentis,</span> <span class='ocrx_word' id='word_1_206' title='bbox 379 4202 473 4256; x_wconf 89' lang='lat' dir='ltr'>Haasii</span> <span class='ocrx_word' id='word_1_207' title='bbox 498 4201 642 4255; x_wconf 91' lang='lat' dir='ltr'>editionem</span> <span class='ocrx_word' id='word_1_208' title='bbox 667 4206 775 4255; x_wconf 89' lang='lat' dir='ltr'>secutus</span> <span class='ocrx_word' id='word_1_209' title='bbox 793 4216 858 4263; x_wconf 85' lang='lat' dir='ltr'>sum,</span> <span class='ocrx_word' id='word_1_210' title='bbox 885 4215 899 4252; x_wconf 90' lang='lat' dir='ltr'>e</span> <span class='ocrx_word' id='word_1_211' title='bbox 917 4199 992 4252; x_wconf 87' lang='lat' dir='ltr'>libris</span> <span class='ocrx_word' id='word_1_212' title='bbox 1012 4200 1044 4252; x_wconf 89' lang='lat' dir='ltr'>de</span> <span class='ocrx_word' id='word_1_213' title='bbox 1063 4197 1197 4250; x_wconf 89' lang='lat' dir='ltr'>beneficiis</span> <span class='ocrx_word' id='word_1_214' title='bbox 1216 4197 1295 4250; x_wconf 90' lang='lat' dir='ltr'>etde</span> 
     </span>
     <span class='ocr_line' id='line_1_31' title="bbox 188 4285 1122 4362; baseline -0.006 -16"><span class='ocrx_word' id='word_1_215' title='bbox 188 4289 339 4358; x_wconf 77' lang='lat' dir='ltr'>clementie,</span> <span class='ocrx_word' id='word_1_216' title='bbox 357 4307 373 4346; x_wconf 88' lang='lat' dir='ltr'>e</span> <span class='ocrx_word' id='word_1_217' title='bbox 390 4291 504 4362; x_wconf 85' lang='lat' dir='ltr'>dialogis</span> <span class='ocrx_word' id='word_1_218' title='bbox 523 4289 634 4357; x_wconf 80' lang='lat' dir='ltr'>Gertnii,</span> <span class='ocrx_word' id='word_1_219' title='bbox 653 4305 685 4344; x_wconf 85' lang='lat' dir='ltr'>ex</span> <span class='ocrx_word' id='word_1_220' title='bbox 703 4287 938 4360; x_wconf 78' lang='lat' dir='ltr'>apocolocynthosi</span> <span class='ocrx_word' id='word_1_221' title='bbox 955 4285 1122 4342; x_wconf 87' lang='lat' dir='ltr'>Buecheleri.</span> 
     </span>
    </p>
   </div>
   <div class='ocr_carea' id='block_1_6' title="bbox 0 0 1530 4882">
    <p class='ocr_par' dir='ltr' id='par_1_9' title="bbox 0 0 1530 4882">
     <span class='ocr_line' id='line_1_32' title="bbox 0 0 1530 4882; baseline 0 1"><span class='ocrx_word' id='word_1_222' title='bbox 0 0 1530 4882; x_wconf 95' lang='lat' dir='ltr'> </span> 
     </span>
    </p>
   </div>
  </div>
 </body>
</html>
