3052 4882
234 344 255 412 8

232 549 286 614 ubi
318 550 429 613 rhetor
460 550 501 614 ab
532 547 587 611 illo
612 546 819 626 antiquitatis
852 547 977 610 assecla
1000 546 1096 611 valde
1118 546 1341 627 vituperatur:

232 660 266 720 iu
299 659 376 721 libro
403 659 447 720 22
476 658 677 742 epistularum
704 657 870 718 moralium
898 676 975 740 quas
1007 657 1050 718 ad
1081 655 1238 719 Lucilium
1265 677 1342 719 com-

226 764 331 847 posuit
358 763 543 826 deridiculos
571 783 674 826 versus
696 761 730 840 Q.
751 761 892 826 Ennium
910 762 947 825 de
968 759 1097 846 Campo,
1122 762 1248 845 antiquo
1265 762 1341 844 vim,

231 870 335 952 fecisse
357 870 409 933 bos
433 871 522 933 dicit:

604 1012 644 1019 —
669 977 695 1038 is
719 976 829 1039 dictust
852 974 918 1037 ollis
935 974 1139 1059 popularibus
1161 975 1233 1038 olim

392 1083 445 1166 qui
468 1089 533 1144 tum
555 1082 692 1145 vivebant
714 1081 849 1143 homines
872 1087 962 1164 atque
984 1094 1091 1144 aevum
1114 1080 1274 1164 aqitabaut

391 1189 448 1271 flos
471 1188 621 1253 ddibatus
638 1187 747 1272 populi
769 1188 943 1271 suadaeque
965 1187 1079 1250 medull
1103 1235 1109 1249 .

233 1316 269 1357 ac
299 1296 409 1359 deinde
438 1295 559 1379 scripsit
586 1295 623 1357 de
654 1294 762 1356 iisdem
788 1294 920 1358 versibus
950 1293 1041 1356 verba
1070 1293 1157 1357 baec:
1194 1289 1345 1357 ‘admiror

233 1402 486 1485 doqueutissimos
520 1401 600 1464 viros
635 1407 661 1464 et
693 1402 807 1464 deditos
838 1400 943 1463 Ennio
968 1419 1028 1483 pro
1059 1401 1178 1483 adimis
1209 1400 1344 1464 ridicula

235 1507 387 1569 laudasse.
428 1506 530 1570 Cicero
553 1511 629 1569 certe
651 1506 733 1569 inter
754 1505 843 1569 bonos
866 1506 930 1569 eius
952 1525 1056 1567 versus
1078 1511 1106 1568 ct
1127 1505 1179 1567 bos
1201 1500 1345 1586 refert.’¹)

236 1619 324 1697 atquc
355 1613 390 1675 id
421 1614 514 1676 ctiam
536 1613 573 1675 dc
599 1612 738 1676 Cicerone
761 1613 834 1675 dicit
842 1635 853 1674 .·
886 1607 957 1674 ‘uon
978 1612 1086 1694 miror,
1116 1612 1225 1695 inquit,
1249 1612 1345 1694 fuisse

236 1719 289 1802 qui
315 1717 366 1781 bos
393 1738 496 1780 versus
518 1717 658 1781 scriberet
681 1738 750 1781 cum
776 1718 873 1799 fuerit
905 1718 959 1801 qui
981 1717 1235 1800 laudaretpnisi
1264 1717 1346 1799 forte

238 1824 349 1907 Cicero,
379 1844 517 1889 summus
546 1831 658 1907 orator,
683 1824 791 1907 apebat
813 1844 938 1888 causam
971 1843 1061 1887 suam
1093 1829 1120 1887 et
1151 1823 1264 1887 volebat
1293 1824 1346 1887 bos

235 1952 337 1995 versus
365 1932 464 1995 mdcvi
495 1931 604 1994 bonos!
644 1937 749 2014 postea
780 1931 834 1994 loc
866 1931 959 1993 etiam
982 1931 1105 1993 addidit
1127 1931 1344 1995 insulsissime:

237 2033 333 2122 ‘apud
351 2039 452 2120 ipsam
471 2057 596 2120 qaoque,
621 2037 730 2121 inquit,
753 2035 923 2100 Ciceronem
942 2037 1074 2099 inomies
1092 2037 1184 2099 etiam
1202 2037 1237 2098 in
1249 2058 1345 2121 prosa

236 2144 372 2206 oratione
399 2143 552 2226 quaedam
582 2163 617 2205 eu
648 2143 756 2226 quibus
787 2143 941 2226 intelleqas
969 2142 1057 2206 illum
1089 2162 1150 2205 non
1173 2143 1347 2226 perdidisse

236 2269 359 2332 operam
378 2249 458 2331 quod
476 2247 616 2311 Ennium
635 2248 724 2332 lepit!
743 2249 833 2332 ponit
850 2248 960 2310 deinde
978 2268 1056 2331 quae
1069 2248 1155 2331 apud
1176 2246 1346 2311 Ciceronem

237 2353 436 2438 reprelmdat
459 2354 549 2437 quasi
571 2353 733 2435 Enniana,
759 2354 840 2437 quod
862 2355 906 2416 ita
928 2354 1082 2438 scripserit
1103 2353 1138 2415 in
1160 2353 1347 2438 Republica:

238 2456 282 2524 ‘ut
313 2459 451 2523 Mmdao
480 2459 599 2522 Laconi
631 2460 783 2544 quaedam
813 2459 877 2541 suit
905 2460 1116 2543 suaviloquens
1148 2461 1345 2524 iucunditas!

236 2573 263 2629 et
286 2567 366 2650 quod
389 2567 450 2628 alio
473 2566 533 2628 loco
556 2566 685 2629 dicerit:
718 2562 995 2650 ‘breviloquentiam
1009 2604 1013 2610 ·
1026 2567 1061 2628 in
1092 2566 1218 2629 dicmdo
1250 2568 1346 2630 colat?

236 2678 326 2755 atque
349 2671 392 2734 ibi
413 2671 499 2734 bomo
522 2679 655 2756 nuqator
682 2671 833 2735 Ciceronis
856 2691 971 2735 errores
994 2672 1175 2756 deprecatur
1197 2679 1239 2735 et:
1276 2669 1347 2735 ‘uon

114 2837 117 2843 .
234 2777 307 2860 fuit,
341 2778 452 2860 inquit,
486 2777 638 2840 Ciceronis
668 2777 721 2840 boc
743 2779 849 2841 vitium
871 2778 923 2840 scd
950 2779 1106 2862 temporis:
1137 2798 1250 2842 necesse
1281 2785 1348 2842 erat

237 2881 309 2944 baec
326 2943 328 2946 ,
345 2882 407 2944 dici
443 2903 512 2946 cum
548 2883 604 2944 illa
640 2883 828 2967 leqerentur!
874 2883 983 2946 deinde
1005 2882 1152 2946 adscribit
1177 2883 1347 2946 Ciceromm

236 2988 309 3051 baec
337 2989 405 3072 ipsa
427 2990 638 3072 interposuisse
666 2991 710 3052 ad
732 2989 939 3074 effuqiendam
966 2989 1135 3071 infamiam
1164 2991 1257 3053 nimis
1287 2991 1348 3054 las·

237 3095 318 3157 civae
350 3095 500 3157 orationis
527 3101 552 3158 d
583 3096 708 3159 nitidae.
751 3096 787 3159 de
817 3096 947 3179 Verqilio
970 3116 1084 3180 quoquc
1107 3096 1209 3159 eodem
1231 3098 1266 3158 in
1289 3097 1349 3160 loco

238 3200 328 3264 verba
350 3200 423 3265 baec
440 3201 548 3285 pon-it:
573 3197 740 3285 ‘Vcrpilius
764 3222 879 3286 quoque
901 3207 1001 3265 noster
1022 3221 1084 3264 non
1107 3222 1143 3265 an
1165 3203 1231 3265 alia
1254 3223 1349 3266 causa

238 3309 334 3372 duros
358 3309 506 3391 quosdam
528 3328 630 3371 versus
653 3315 680 3371 ct
702 3329 836 3371 enormes
860 3315 886 3371 et
909 3309 1031 3392 aliquid
1052 3329 1149 3392 supra
1172 3329 1349 3374 mensuram

237 3412 386 3476 trabentes
414 3414 593 3496 interposuit
626 3433 719 3497 quam
746 3421 781 3476 ut
812 3413 980 3476 Ennianus
1010 3415 1144 3498 populus
1180 3423 1350 3498 aquosceret

238 3519 273 3581 in
309 3539 382 3581 novo
423 3521 559 3582 carmim
591 3520 713 3603 aliquid
749 3521 962 3604 antiquitatis!
1008 3521 1061 3584 scd
1091 3522 1156 3584 iam
1192 3521 1349 3585 verborum

241 3623 369 3687 Senecae
389 3625 477 3708 pipat,
501 3624 574 3687 baec
597 3630 699 3687 tamen
722 3626 817 3709 inepti
840 3632 868 3688 et
890 3626 1028 3689 insubidi
1049 3625 1180 3689 bominis
1199 3628 1265 3690 ioca
1288 3647 1349 3690 uon

235 3729 424 3812 praeteribo:
458 3725 597 3813 ‘quidam
619 3737 700 3812 suut,
726 3732 837 3816 inquit,
862 3739 927 3794 tam
944 3733 1052 3816 maqui
1070 3752 1174 3794 sensus
1197 3733 1230 3811 Q.
1251 3732 1351 3795 Ennii

239 3842 273 3900 ut
295 3837 361 3899 licet
383 3837 488 3919 scripti
509 3837 571 3899 siut
595 3838 672 3900 inter
693 3837 834 3921 hircosas,
853 3839 973 3923 possint
995 3845 1097 3902 tamen
1115 3840 1196 3902 inter
1213 3860 1349 3924 umqum·

241 3949 319 4005 tatas
345 3943 487 4027 placere!
534 3951 559 4006 d
590 3964 659 4007 cum
691 3945 926 4029 reprehendisset
956 3965 1058 4008 versus
1091 3966 1163 4029 quos
1194 3948 1351 4030 saprade

243 4048 363 4134 Cdlepo
386 4051 564 4133 posuimus:
611 4046 675 4136 ‘qui
705 4052 921 4136 huiuscemodi,
959 4052 1070 4136 inquit,
1107 4073 1208 4117 versus
1232 4061 1349 4136 amant,

348 4273 368 4343 ¹)
387 4273 448 4328 vide
462 4274 515 4330 Cic.
531 4275 607 4328 Brut.
624 4278 664 4340 15,
681 4278 723 4344 58,
739 4276 771 4329 cf.
782 4277 850 4330 Eun.
865 4277 952 4331 annal.
967 4273 1007 4328 IX
1021 4293 1046 4331 v.
1061 4281 1113 4334 303
1128 4295 1166 4347 sq.
1182 4278 1222 4334 ed.
1238 4279 1351 4334 Vahlen.
