3052 4882
209 315 255 386 62

207 541 397 602 quamquam
434 523 518 603 apud
541 519 674 587 Accium
703 541 766 585 non
796 522 885 586 nulla
917 538 1008 585 secus
1038 517 1190 585 instituta
1212 513 1312 583 fuisse

206 632 315 693 monet
337 628 432 692 Ribb.
456 648 486 708 p.
513 633 594 710 3443
629 627 776 692 conferas
800 646 923 706 quoque
946 628 1108 693 Welcker.
1137 647 1169 707 p.
1194 631 1232 689 31
1259 624 1313 705 qni

206 735 420 816 Aeschyleam
442 733 585 800 fabulam
608 753 679 798 eum
702 752 876 814 usurpasse
899 733 1081 815 suspicatus
1106 737 1165 798 est,

311 894 361 959 De
397 893 554 958 Ennianis
590 892 708 958 fabulis
738 892 865 957 Achille
902 897 936 958 et
966 892 1092 957 Achille
1129 891 1313 957 Aristarchi

208 1002 322 1082 altera,
361 1001 401 1065 de
437 999 588 1065 Accianis
619 998 745 1063 Achille
782 1003 815 1063 et
846 999 1099 1080 Myrmidonibus
1136 999 1240 1063 altera
1273 1017 1313 1062 ex

207 1112 302 1188 parte
334 1126 488 1188 perquam
515 1105 674 1171 incertum
706 1111 756 1171 est
787 1105 948 1170 iudicium.
993 1106 1155 1170 Robertus
1187 1104 1312 1183 quidem

206 1213 358 1295 probavit
377 1212 466 1297 (Bild
480 1233 509 1277 u.
524 1212 607 1277 Lied
624 1233 654 1294 p.
678 1217 738 1276 133
759 1211 819 1297 sq.)
843 1211 1060 1293 Myrmidones
1085 1231 1149 1276 non
1173 1211 1312 1292 Aeschy-

206 1319 291 1384 leam
313 1318 399 1384 idem
423 1338 597 1401 cognomen
620 1322 786 1402 gerentem
809 1317 961 1399 fabulam,
985 1317 1019 1382 id
1041 1318 1124 1396 quod
1143 1317 1231 1398 prius
1250 1316 1313 1383 viri

208 1425 295 1489 docti
327 1424 480 1489 arbitrati
508 1430 612 1506 erant,
645 1429 789 1489 secutam
822 1425 862 1488 de
889 1423 1035 1488 Patrocli
1064 1427 1166 1488 morte
1195 1423 1310 1506 egisse

208 1531 266 1596 sed
294 1531 582 1597 verisimillimum
613 1550 694 1612 esse,
731 1530 924 1612 praesertim
955 1549 1024 1594 cum
1054 1532 1208 1612 pleraque
1231 1549 1313 1608 quae

209 1641 323 1702 extant
353 1637 538 1720 fragmenta
567 1638 610 1701 ad
631 1636 768 1701 Achillis
795 1637 877 1701 iram
910 1636 1104 1719 pertineant,
1137 1639 1197 1702 hoc
1221 1656 1312 1719 argu·

207 1748 349 1807 mentum
376 1743 410 1808 in
432 1743 684 1826 Myrmidonibus
715 1743 815 1808 fuisse
839 1748 1016 1809 tractatum
1040 1748 1074 1808 et
1101 1743 1240 1808 fortasse
1264 1742 1313 1807 ita

209 1849 336 1928 quidem
358 1853 395 1915 ut
417 1849 528 1915 fabula
547 1870 567 1915 a
584 1850 657 1914 rixa
680 1850 738 1915 illa
761 1850 888 1915 initium
910 1850 1027 1916 fecerit
1045 1856 1079 1915 et
1096 1850 1130 1915 in
1147 1849 1312 1932 legatione

209 1956 251 2021 ad
274 1955 432 2020 Achillem
455 1955 553 2021 missa
577 1956 720 2021 desierit.
762 1961 935 2039 praeterea
958 1957 1024 2021 tria
1046 1956 1231 2039 fragmenta
1254 1956 1312 2021 sub

208 2061 303 2128 titulo
328 2062 490 2127 ‘Achilles’
516 2082 536 2126 a
557 2062 659 2126 Nonio
683 2062 808 2127 tradita
831 2068 920 2145 sunt3
954 2084 1036 2143 quae
1069 2083 1139 2128 cum
1168 2063 1202 2127 in
1228 2065 1312 2127 hunc

209 2169 353 2234 ordinem
389 2173 466 2250 apte
503 2169 673 2235 convenire
696 2169 870 2236 videantur
896 2170 982 2234 haud
1006 2169 1071 2235 scio
1096 2189 1138 2234 an
1169 2188 1240 2234 eam
1272 2170 1312 2233 ob

207 2294 276 2340 rem
304 2275 491 2356 Duentzeri,
528 2276 693 2341 Welcheri
733 2276 965 2355 Ribbeckiiquc
993 2277 1177 2342 coniectura
1208 2276 1313 2357 accipi

208 2382 320 2464 possit,
353 2381 442 2446 illam
473 2382 616 2447 fabulam
638 2382 775 2448 Achillis
807 2402 930 2463 quoque
961 2403 1075 2448 nomen
1107 2383 1228 2448 tulisse.
1275 2386 1312 2447 at

209 2487 261 2553 cui
297 2488 422 2552 auctori
452 2488 577 2554 Graeco
607 2486 724 2554 Accius
760 2509 796 2554 se
833 2489 1025 2570 applicuerit
1055 2490 1151 2571 plane
1183 2489 1312 2555 dubium

208 2599 277 2676 est3
320 2594 553 2677 conscripsere,
596 2596 679 2674 quod
716 2596 863 2676 sciamus,
901 2595 1060 2660 Achillem
1091 2596 1311 2677 Aristarchus,

208 2700 232 2766 J
233 2702 346 2782 ophon‚
363 2700 534 2782 cleophon,
550 2701 714 2783 Carcinus,
728 2701 900 2784 Diogenes
918 2705 951 2765 et
965 2702 988 2766 J
989 2721 1027 2766 on
1040 2702 1312 2784 Agamemnonem

209 2826 303 2886 quam
330 2805 415 2870 idem
448 2813 670 2890 argumentum
694 2808 776 2887 quod
799 2808 892 2871 modo
915 2807 1013 2872 Accio
1038 2808 1218 2873 addiximus
1242 2827 1312 2872 con-

208 2913 344 2978 tinuisse
366 2913 509 2978 nonnulli
533 2913 747 2995 suspicantur.
783 2914 925 2979 fabulam
949 2934 1025 2980 vero
1049 2914 1230 2979 Ennianam
1253 2933 1311 2994 pro

209 3024 298 3085 certo
344 3019 460 3084 haberi
500 3024 622 3101 potest,
673 3019 829 3100 siquidem
879 3026 1014 3100 uterque
1063 3021 1176 3086 titulus
1216 3039 1312 3084 unam

208 3126 406 3206 eandemque
446 3125 649 3208 tragoediam
697 3126 880 3207 complexus
921 3126 976 3209 sit,
1020 3145 1059 3191 ex
1099 3126 1312 3191 Aristarchea

207 3252 336 3299 versam
366 3251 447 3297 esse.
494 3251 533 3297 ea
563 3252 686 3312 quoque
716 3251 814 3316 agere
843 3232 972 3298 videtur
1002 3238 1036 3297 et
1066 3233 1106 3298 de
1136 3232 1207 3296 rixa
1236 3231 1312 3316 (huc

207 3338 293 3404 forte
324 3338 489 3420 pertinent
519 3338 655 3404 Achillis
682 3339 783 3404 Arist.
814 3338 877 3421 frg.
908 3345 923 3403 1
955 3359 987 3405 v.
1017 3345 1056 3402 13
1086 3358 1132 3418 sq.
1170 3339 1212 3403 ad
1242 3358 1312 3403 con-

208 3444 328 3509 tionem
355 3444 496 3525 aliquam
526 3445 703 3526 respiciens
736 3443 843 3530 (Ribb.
873 3445 927 3509 Tr.
951 3447 990 3509 R.
1022 3465 1052 3526 p.
1079 3444 1165 3529 117),
1194 3444 1310 3509 Achill.

207 3550 270 3634 frg.
296 3558 314 3615 2
338 3571 368 3618 v.
394 3549 427 3636 2)
452 3555 485 3615 et
509 3551 548 3616 de
581 3551 696 3616 studiis
720 3552 763 3616 ad
784 3551 1054 3616 reconciliandum
1076 3550 1235 3616 Achillem
1258 3550 1312 3615 ad·

207 3656 320 3722 hibitis
344 3656 473 3741 (Achill.
498 3657 560 3740 frg.
587 3663 621 3740 1;
647 3663 685 3741 3;
712 3657 754 3744 7).

313 3816 435 3881 Eodem
470 3817 539 3882 loco
571 3836 663 3896 quem
694 3817 788 3881 modo
821 3816 988 3882 attulimus
1019 3819 1180 3882 Robertus
1213 3815 1312 3883 evicit

207 3922 352 3988 Patrocli
365 3927 501 3987 mortem
516 3922 698 3988 exhibuisse
712 3923 803 3988 Accii
815 3923 1117 4004 Epinausimachen.
1137 3924 1313 4005 respondet

207 4028 308 4112 igitur
335 4028 429 4093 istius
459 4028 589 4094 tabidae
621 4034 843 4112 argumentum
870 4030 1023 4112 Aeschyli
1049 4030 1310 4113 Myrmidonibus

208 4154 399 4216 quamquam
425 4154 499 4199 num
522 4134 640 4221 Accius
670 4155 740 4200 eam
769 4135 912 4201 fabulam
943 4137 1089 4202 imitatus
1120 4137 1219 4202 fuerit
1248 4157 1311 4202 uon

209 4245 332 4307 certum
369 4246 428 4306 est.
475 4240 575 4307 etiam
603 4241 727 4307 Ennius
764 4242 798 4306 in
833 4241 983 4309 Hectoris
1019 4244 1130 4309 Latris
1166 4243 1311 4309 Patrocli
