<?xml version="1.0" encoding="UTF-8"?>
<!DOCTYPE html PUBLIC "-//W3C//DTD XHTML 1.0 Transitional//EN"
    "http://www.w3.org/TR/xhtml1/DTD/xhtml1-transitional.dtd">
<html xmlns="http://www.w3.org/1999/xhtml" xml:lang="en" lang="en">
 <head>
  <title>
</title>
<meta http-equiv="Content-Type" content="text/html;charset=utf-8" />
  <meta name='ocr-system' content='tesseract 3.04.00' />
  <meta name='ocr-capabilities' content='ocr_page ocr_carea ocr_par ocr_line ocrx_word'/>
</head>
<body>
  <div class='ocr_page' id='page_1' title='image "./derationeinters00stragoog_0081.png"; bbox 0 0 3052 4882; ppageno 0'>
   <div class='ocr_carea' id='block_1_1' title="bbox 1210 359 1256 424">
    <p class='ocr_par' dir='ltr' id='par_1_1' title="bbox 1210 359 1256 424">
     <span class='ocr_line' id='line_1_1' title="bbox 1210 359 1256 424; baseline 0 0"><span class='ocrx_word' id='word_1_1' title='bbox 1210 359 1256 424; x_wconf 84' lang='lat'>77</span> 
     </span>
    </p>
   </div>
   <div class='ocr_carea' id='block_1_2' title="bbox 138 561 1259 2141">
    <p class='ocr_par' dir='ltr' id='par_1_2' title="bbox 138 561 1259 1481">
     <span class='ocr_line' id='line_1_2' title="bbox 146 561 1258 630; baseline 0 -1"><span class='ocrx_word' id='word_1_2' title='bbox 146 565 180 629; x_wconf 88' lang='lat' dir='ltr'>in</span> <span class='ocrx_word' id='word_1_3' title='bbox 209 584 299 630; x_wconf 89' lang='lat' dir='ltr'>mare</span> <span class='ocrx_word' id='word_1_4' title='bbox 330 564 459 630; x_wconf 90' lang='lat' dir='ltr'>deiecta</span> <span class='ocrx_word' id='word_1_5' title='bbox 488 563 619 629; x_wconf 88' lang='lat' dir='ltr'>videtur</span> <span class='ocrx_word' id='word_1_6' title='bbox 649 581 731 629; x_wconf 91' lang='lat' dir='ltr'>esse.</span> <span class='ocrx_word' id='word_1_7' title='bbox 778 581 816 627; x_wconf 88' lang='lat' dir='ltr'>ac</span> <span class='ocrx_word' id='word_1_8' title='bbox 849 561 876 627; x_wconf 93' lang='lat' dir='ltr'>si</span> <span class='ocrx_word' id='word_1_9' title='bbox 903 580 1055 627; x_wconf 80' lang='lat' dir='ltr'>scaenam</span> <span class='ocrx_word' id='word_1_10' title='bbox 1086 562 1183 627; x_wconf 91' lang='lat' dir='ltr'>istam</span> <span class='ocrx_word' id='word_1_11' title='bbox 1217 565 1258 629; x_wconf 91' lang='lat' dir='ltr'>ab</span> 
     </span>
     <span class='ocr_line' id='line_1_3' title="bbox 146 669 1259 755; baseline -0.001 -17"><span class='ocrx_word' id='word_1_12' title='bbox 146 673 246 738; x_wconf 92' lang='lat' dir='ltr'>Accio</span> <span class='ocrx_word' id='word_1_13' title='bbox 278 691 403 752; x_wconf 89' lang='lat' dir='ltr'>quoque</span> <span class='ocrx_word' id='word_1_14' title='bbox 434 672 649 755; x_wconf 85' lang='lat' dir='ltr'>probabiliter</span> <span class='ocrx_word' id='word_1_15' title='bbox 680 671 790 735; x_wconf 89' lang='lat' dir='ltr'>fictam</span> <span class='ocrx_word' id='word_1_16' title='bbox 821 669 922 735; x_wconf 86' lang='lat' dir='ltr'>fuisse</span> <span class='ocrx_word' id='word_1_17' title='bbox 946 671 1154 752; x_wconf 73' lang='lat' dir='ltr'>concesseris</span> <span class='ocrx_word' id='word_1_18' title='bbox 1187 671 1259 737; x_wconf 90' lang='lat' dir='ltr'>fieri</span> 
     </span>
     <span class='ocr_line' id='line_1_4' title="bbox 149 776 1257 863; baseline -0.002 -18"><span class='ocrx_word' id='word_1_19' title='bbox 149 798 245 861; x_wconf 90' lang='lat' dir='ltr'>posse</span> <span class='ocrx_word' id='word_1_20' title='bbox 268 778 346 844; x_wconf 91' lang='lat' dir='ltr'>mihi</span> <span class='ocrx_word' id='word_1_21' title='bbox 369 778 510 860; x_wconf 84' lang='lat' dir='ltr'>videtur,</span> <span class='ocrx_word' id='word_1_22' title='bbox 535 782 572 843; x_wconf 92' lang='lat' dir='ltr'>ut</span> <span class='ocrx_word' id='word_1_23' title='bbox 595 776 813 861; x_wconf 79' lang='lat' dir='ltr'>fragmentum</span> <span class='ocrx_word' id='word_1_24' title='bbox 840 782 896 841; x_wconf 85' lang='lat'>18:</span> <span class='ocrx_word' id='word_1_25' title='bbox 921 780 1020 863; x_wconf 80' lang='lat' dir='ltr'>ccpuc&#39;s</span> <span class='ocrx_word' id='word_1_26' title='bbox 1042 779 1095 842; x_wconf 85' lang='lat' dir='ltr'>hoc</span> <span class='ocrx_word' id='word_1_27' title='bbox 1113 781 1257 844; x_wconf 80' lang='lat' dir='ltr'>cuimod-</span> 
     </span>
     <span class='ocr_line' id='line_1_5' title="bbox 144 882 1257 966; baseline -0.003 -15"><span class='ocrx_word' id='word_1_28' title='bbox 144 887 260 951; x_wconf 80' lang='lat' dir='ltr'>oortct?</span> <span class='ocrx_word' id='word_1_29' title='bbox 284 888 411 950; x_wconf 65' lang='lat' dir='ltr'>dircite!</span> <span class='ocrx_word' id='word_1_30' title='bbox 445 885 548 949; x_wconf 90' lang='lat' dir='ltr'>Atreo</span> <span class='ocrx_word' id='word_1_31' title='bbox 581 884 677 948; x_wconf 89' lang='lat' dir='ltr'>detur</span> <span class='ocrx_word' id='word_1_32' title='bbox 708 882 833 948; x_wconf 91' lang='lat' dir='ltr'>iubenti</span> <span class='ocrx_word' id='word_1_33' title='bbox 865 882 905 946; x_wconf 91' lang='lat' dir='ltr'>de</span> <span class='ocrx_word' id='word_1_34' title='bbox 937 882 1073 966; x_wconf 88' lang='lat' dir='ltr'>coniuge</span> <span class='ocrx_word' id='word_1_35' title='bbox 1105 888 1257 966; x_wconf 90' lang='lat' dir='ltr'>corrupta</span> 
     </span>
     <span class='ocr_line' id='line_1_6' title="bbox 142 983 1256 1072; baseline -0.001 -17"><span class='ocrx_word' id='word_1_36' title='bbox 142 991 223 1056; x_wconf 95' lang='lat' dir='ltr'>illud</span> <span class='ocrx_word' id='word_1_37' title='bbox 247 990 329 1055; x_wconf 91' lang='lat' dir='ltr'>sumi</span> <span class='ocrx_word' id='word_1_38' title='bbox 351 990 542 1072; x_wconf 90' lang='lat' dir='ltr'>supplicium</span> <span class='ocrx_word' id='word_1_39' title='bbox 566 1029 607 1036; x_wconf 94' lang='lat'>—</span> <span class='ocrx_word' id='word_1_40' title='bbox 632 989 745 1054; x_wconf 91' lang='lat' dir='ltr'>eodem</span> <span class='ocrx_word' id='word_1_41' title='bbox 768 988 917 1053; x_wconf 92' lang='lat' dir='ltr'>nimirum</span> <span class='ocrx_word' id='word_1_42' title='bbox 940 989 1010 1053; x_wconf 85' lang='lat' dir='ltr'>ime</span> <span class='ocrx_word' id='word_1_43' title='bbox 1026 983 1256 1072; x_wconf 62' lang='lat' dir='ltr'>firagmentum</span> 
     </span>
     <span class='ocr_line' id='line_1_7' title="bbox 140 1078 1256 1179; baseline -0.001 -17"><span class='ocrx_word' id='word_1_44' title='bbox 140 1098 230 1163; x_wconf 91' lang='lat' dir='ltr'>istud</span> <span class='ocrx_word' id='word_1_45' title='bbox 258 1098 320 1162; x_wconf 92' lang='lat' dir='ltr'>hnc</span> <span class='ocrx_word' id='word_1_46' title='bbox 349 1095 467 1163; x_wconf 86' lang='lat' dir='ltr'>referri</span> <span class='ocrx_word' id='word_1_47' title='bbox 494 1116 589 1179; x_wconf 91' lang='lat' dir='ltr'>posse</span> <span class='ocrx_word' id='word_1_48' title='bbox 619 1115 769 1161; x_wconf 83' lang='lat' dir='ltr'>censeam</span> <span class='ocrx_word' id='word_1_49' title='bbox 801 1115 862 1176; x_wconf 88' lang='lat' dir='ltr'>quo</span> <span class='ocrx_word' id='word_1_50' title='bbox 892 1078 1091 1165; x_wconf 74' lang='lat' dir='ltr'>Ribbecims</span> <span class='ocrx_word' id='word_1_51' title='bbox 1120 1097 1256 1162; x_wconf 79' lang='lat' dir='ltr'>Atreum</span> 
     </span>
     <span class='ocr_line' id='line_1_8' title="bbox 143 1201 1256 1286; baseline -0.002 -18"><span class='ocrx_word' id='word_1_52' title='bbox 143 1204 184 1268; x_wconf 91' lang='lat' dir='ltr'>de</span> <span class='ocrx_word' id='word_1_53' title='bbox 216 1203 359 1285; x_wconf 82' lang='lat' dir='ltr'>Thyeste</span> <span class='ocrx_word' id='word_1_54' title='bbox 391 1203 425 1267; x_wconf 95' lang='lat' dir='ltr'>id</span> <span class='ocrx_word' id='word_1_55' title='bbox 458 1203 686 1284; x_wconf 86' lang='lat' dir='ltr'>pronuntiasse</span> <span class='ocrx_word' id='word_1_56' title='bbox 718 1201 909 1267; x_wconf 86' lang='lat' dir='ltr'>arbitratur.</span> <span class='ocrx_word' id='word_1_57' title='bbox 956 1203 1123 1284; x_wconf 79' lang='lat' dir='ltr'>Thyesten</span> <span class='ocrx_word' id='word_1_58' title='bbox 1154 1202 1256 1286; x_wconf 89' lang='lat' dir='ltr'>igitur</span> 
     </span>
     <span class='ocr_line' id='line_1_9' title="bbox 141 1294 1254 1392; baseline 0 -20"><span class='ocrx_word' id='word_1_59' title='bbox 141 1309 174 1374; x_wconf 93' lang='lat' dir='ltr'>in</span> <span class='ocrx_word' id='word_1_60' title='bbox 211 1309 342 1374; x_wconf 87' lang='lat' dir='ltr'>exilium</span> <span class='ocrx_word' id='word_1_61' title='bbox 378 1309 537 1392; x_wconf 82' lang='lat' dir='ltr'>migrasse</span> <span class='ocrx_word' id='word_1_62' title='bbox 574 1328 645 1374; x_wconf 92' lang='lat' dir='ltr'>cum</span> <span class='ocrx_word' id='word_1_63' title='bbox 680 1309 854 1374; x_wconf 90' lang='lat' dir='ltr'>Welckero</span> <span class='ocrx_word' id='word_1_64' title='bbox 891 1313 1005 1373; x_wconf 89' lang='lat' dir='ltr'>contra</span> <span class='ocrx_word' id='word_1_65' title='bbox 1026 1294 1254 1374; x_wconf 27' lang='lat' dir='ltr'>*Ribbeckinm</span> 
     </span>
     <span class='ocr_line' id='line_1_10' title="bbox 138 1397 689 1481; baseline -0.007 0"><span class='ocrx_word' id='word_1_66' title='bbox 138 1415 318 1481; x_wconf 86' lang='lat' dir='ltr'>statuerim.</span> <span class='ocrx_word' id='word_1_67' title='bbox 686 1397 689 1404; x_wconf 62' lang='grc'><strong>’</strong></span> 
     </span>
    </p>

    <p class='ocr_par' dir='ltr' id='par_1_3' title="bbox 138 1523 1254 1802">
     <span class='ocr_line' id='line_1_11' title="bbox 243 1523 1254 1605; baseline 0 -18"><span class='ocrx_word' id='word_1_68' title='bbox 243 1523 331 1588; x_wconf 88' lang='lat' dir='ltr'>Nihil</span> <span class='ocrx_word' id='word_1_69' title='bbox 354 1525 467 1589; x_wconf 91' lang='lat' dir='ltr'>horum</span> <span class='ocrx_word' id='word_1_70' title='bbox 491 1524 577 1604; x_wconf 90' lang='lat' dir='ltr'>apud</span> <span class='ocrx_word' id='word_1_71' title='bbox 602 1523 768 1588; x_wconf 87' lang='lat' dir='ltr'>Senecam.</span> <span class='ocrx_word' id='word_1_72' title='bbox 793 1528 965 1603; x_wconf 87' lang='lat' dir='ltr'>postquam</span> <span class='ocrx_word' id='word_1_73' title='bbox 989 1523 1072 1588; x_wconf 91' lang='lat' dir='ltr'>enim</span> <span class='ocrx_word' id='word_1_74' title='bbox 1088 1524 1254 1605; x_wconf 83' lang='lat' dir='ltr'>Thyesten</span> 
     </span>
     <span class='ocr_line' id='line_1_12' title="bbox 138 1629 1253 1713; baseline 0 -18"><span class='ocrx_word' id='word_1_75' title='bbox 138 1648 258 1695; x_wconf 91' lang='lat' dir='ltr'>summo</span> <span class='ocrx_word' id='word_1_76' title='bbox 296 1631 419 1712; x_wconf 89' lang='lat' dir='ltr'>dolore,</span> <span class='ocrx_word' id='word_1_77' title='bbox 461 1629 580 1713; x_wconf 89' lang='lat' dir='ltr'>gaudio</span> <span class='ocrx_word' id='word_1_78' title='bbox 617 1630 754 1695; x_wconf 87' lang='lat' dir='ltr'>Atreum</span> <span class='ocrx_word' id='word_1_79' title='bbox 796 1629 930 1695; x_wconf 87' lang='lat' dir='ltr'>affectos</span> <span class='ocrx_word' id='word_1_80' title='bbox 966 1629 1105 1696; x_wconf 82' lang='lat' dir='ltr'>vidimus</span> <span class='ocrx_word' id='word_1_81' title='bbox 1141 1630 1253 1695; x_wconf 82' lang='lat' dir='ltr'>fabula</span> 
     </span>
     <span class='ocr_line' id='line_1_13' title="bbox 138 1734 547 1802; baseline 0 -2"><span class='ocrx_word' id='word_1_82' title='bbox 138 1734 249 1801; x_wconf 88' lang='lat' dir='ltr'>finitur</span> <span class='ocrx_word' id='word_1_83' title='bbox 271 1736 419 1802; x_wconf 90' lang='lat' dir='ltr'>versibus</span> <span class='ocrx_word' id='word_1_84' title='bbox 442 1735 547 1800; x_wconf 91' lang='lat' dir='ltr'>hisce:</span> 
     </span>
    </p>

    <p class='ocr_par' dir='ltr' id='par_1_4' title="bbox 192 1841 1002 2141">
     <span class='ocr_line' id='line_1_14' title="bbox 456 1841 934 1926; baseline 0.002 -21"><span class='ocrx_word' id='word_1_85' title='bbox 456 1841 516 1905; x_wconf 90' lang='lat' dir='ltr'>Th.</span> <span class='ocrx_word' id='word_1_86' title='bbox 549 1844 688 1907; x_wconf 76' lang='lat' dir='ltr'>Vindices</span> <span class='ocrx_word' id='word_1_87' title='bbox 712 1844 846 1906; x_wconf 77' lang='lat' dir='ltr'>oderunt</span> <span class='ocrx_word' id='word_1_88' title='bbox 868 1844 934 1926; x_wconf 79' lang='lat' dir='ltr'>dci;</span> 
     </span>
     <span class='ocr_line' id='line_1_15' title="bbox 294 1951 949 2036; baseline 0.002 -23"><span class='ocrx_word' id='word_1_89' title='bbox 294 1951 342 2014; x_wconf 79' lang='lat' dir='ltr'>bis</span> <span class='ocrx_word' id='word_1_90' title='bbox 359 1952 557 2036; x_wconf 78' lang='lat' dir='ltr'>puniendum</span> <span class='ocrx_word' id='word_1_91' title='bbox 578 1959 646 2014; x_wconf 83' lang='lat' dir='ltr'>coto</span> <span class='ocrx_word' id='word_1_92' title='bbox 668 1958 695 2014; x_wconf 83' lang='lat' dir='ltr'>te</span> <span class='ocrx_word' id='word_1_93' title='bbox 719 1952 850 2014; x_wconf 82' lang='lat' dir='ltr'>tradent</span> <span class='ocrx_word' id='word_1_94' title='bbox 872 1972 949 2014; x_wconf 85' lang='lat' dir='ltr'>mco.</span> 
     </span>
     <span class='ocr_line' id='line_1_16' title="bbox 192 2056 1002 2141; baseline 0 -22"><span class='ocrx_word' id='word_1_95' title='bbox 192 2056 265 2120; x_wconf 89' lang='lat' dir='ltr'>Atr.</span> <span class='ocrx_word' id='word_1_96' title='bbox 296 2057 338 2121; x_wconf 84' lang='lat' dir='ltr'>Tc</span> <span class='ocrx_word' id='word_1_97' title='bbox 355 2059 551 2141; x_wconf 57' lang='lat' dir='ltr'>peccudum</span> <span class='ocrx_word' id='word_1_98' title='bbox 574 2057 677 2120; x_wconf 80' lang='lat' dir='ltr'>liberis</span> <span class='ocrx_word' id='word_1_99' title='bbox 701 2057 792 2119; x_wconf 80' lang='lat' dir='ltr'>trodo</span> <span class='ocrx_word' id='word_1_100' title='bbox 815 2057 885 2120; x_wconf 73' lang='lat' dir='ltr'>tude.</span> <span class='ocrx_word' id='word_1_101' title='bbox 991 2093 1002 2130; x_wconf 44' lang='grc' dir='ltr'><strong>η</strong></span> 
     </span>
    </p>
   </div>
   <div class='ocr_carea' id='block_1_3' title="bbox 80 2249 1251 3694">
    <p class='ocr_par' dir='ltr' id='par_1_5' title="bbox 80 2249 1251 3694">
     <span class='ocr_line' id='line_1_17' title="bbox 241 2249 1250 2332; baseline 0.001 -18"><span class='ocrx_word' id='word_1_102' title='bbox 241 2251 334 2314; x_wconf 90' lang='lat' dir='ltr'>Haec</span> <span class='ocrx_word' id='word_1_103' title='bbox 353 2250 393 2314; x_wconf 91' lang='lat' dir='ltr'>de</span> <span class='ocrx_word' id='word_1_104' title='bbox 412 2250 565 2315; x_wconf 90' lang='lat' dir='ltr'>Accianis</span> <span class='ocrx_word' id='word_1_105' title='bbox 583 2249 792 2332; x_wconf 79' lang='lat' dir='ltr'>fragmentis3</span> <span class='ocrx_word' id='word_1_106' title='bbox 812 2249 938 2329; x_wconf 90' lang='lat' dir='ltr'>reliqua</span> <span class='ocrx_word' id='word_1_107' title='bbox 957 2254 1024 2314; x_wconf 90' lang='lat' dir='ltr'>tam</span> <span class='ocrx_word' id='word_1_108' title='bbox 1044 2254 1136 2314; x_wconf 88' lang='lat' dir='ltr'>certa</span> <span class='ocrx_word' id='word_1_109' title='bbox 1155 2270 1250 2329; x_wconf 89' lang='lat' dir='ltr'>quam</span> 
     </span>
     <span class='ocr_line' id='line_1_18' title="bbox 135 2354 1250 2436; baseline 0.002 -17"><span class='ocrx_word' id='word_1_110' title='bbox 135 2354 271 2436; x_wconf 82' lang='lat' dir='ltr'>incerta,</span> <span class='ocrx_word' id='word_1_111' title='bbox 305 2375 376 2420; x_wconf 91' lang='lat' dir='ltr'>cum</span> <span class='ocrx_word' id='word_1_112' title='bbox 405 2355 447 2420; x_wconf 90' lang='lat' dir='ltr'>ad</span> <span class='ocrx_word' id='word_1_113' title='bbox 476 2355 689 2420; x_wconf 90' lang='lat' dir='ltr'>Annaeanam</span> <span class='ocrx_word' id='word_1_114' title='bbox 718 2354 862 2420; x_wconf 82' lang='lat' dir='ltr'>fabulam</span> <span class='ocrx_word' id='word_1_115' title='bbox 886 2355 1111 2436; x_wconf 85' lang='lat' dir='ltr'>explicandam</span> <span class='ocrx_word' id='word_1_116' title='bbox 1138 2355 1250 2421; x_wconf 90' lang='lat' dir='ltr'>inania</span> 
     </span>
     <span class='ocr_line' id='line_1_19' title="bbox 136 2460 1250 2542; baseline 0 -16"><span class='ocrx_word' id='word_1_117' title='bbox 136 2460 212 2542; x_wconf 84' lang='lat' dir='ltr'>sint,</span> <span class='ocrx_word' id='word_1_118' title='bbox 232 2461 492 2542; x_wconf 90' lang='lat' dir='ltr'>praeteribimus.</span> <span class='ocrx_word' id='word_1_119' title='bbox 512 2465 549 2526; x_wconf 90' lang='lat' dir='ltr'>at</span> <span class='ocrx_word' id='word_1_120' title='bbox 567 2479 607 2525; x_wconf 86' lang='lat' dir='ltr'>ex</span> <span class='ocrx_word' id='word_1_121' title='bbox 625 2460 666 2526; x_wconf 91' lang='lat' dir='ltr'>iis</span> <span class='ocrx_word' id='word_1_122' title='bbox 686 2479 768 2540; x_wconf 91' lang='lat' dir='ltr'>quae</span> <span class='ocrx_word' id='word_1_123' title='bbox 788 2465 978 2542; x_wconf 90' lang='lat' dir='ltr'>comparata</span> <span class='ocrx_word' id='word_1_124' title='bbox 997 2465 1072 2525; x_wconf 91' lang='lat' dir='ltr'>sunt</span> <span class='ocrx_word' id='word_1_125' title='bbox 1090 2460 1250 2526; x_wconf 80' lang='lat' dir='ltr'>evincitur</span> 
     </span>
     <span class='ocr_line' id='line_1_20' title="bbox 137 2566 1249 2648; baseline 0.002 -17"><span class='ocrx_word' id='word_1_126' title='bbox 137 2566 355 2632; x_wconf 90' lang='lat' dir='ltr'>oeconomiam</span> <span class='ocrx_word' id='word_1_127' title='bbox 382 2566 514 2633; x_wconf 86' lang='lat' dir='ltr'>fabulae</span> <span class='ocrx_word' id='word_1_128' title='bbox 541 2586 620 2632; x_wconf 91' lang='lat' dir='ltr'>suae</span> <span class='ocrx_word' id='word_1_129' title='bbox 644 2567 800 2632; x_wconf 84' lang='lat' dir='ltr'>Senecam</span> <span class='ocrx_word' id='word_1_130' title='bbox 829 2567 864 2631; x_wconf 91' lang='lat' dir='ltr'>in</span> <span class='ocrx_word' id='word_1_131' title='bbox 887 2567 1078 2646; x_wconf 90' lang='lat' dir='ltr'>quibusdam</span> <span class='ocrx_word' id='word_1_132' title='bbox 1100 2567 1249 2648; x_wconf 90' lang='lat' dir='ltr'>partibus</span> 
     </span>
     <span class='ocr_line' id='line_1_21' title="bbox 136 2672 1249 2754; baseline 0 -16"><span class='ocrx_word' id='word_1_133' title='bbox 136 2672 234 2738; x_wconf 90' lang='lat' dir='ltr'>simili</span> <span class='ocrx_word' id='word_1_134' title='bbox 256 2673 350 2738; x_wconf 91' lang='lat' dir='ltr'>modo</span> <span class='ocrx_word' id='word_1_135' title='bbox 369 2672 552 2739; x_wconf 86' lang='lat' dir='ltr'>instituisse</span> <span class='ocrx_word' id='word_1_136' title='bbox 572 2692 667 2754; x_wconf 89' lang='lat' dir='ltr'>quam</span> <span class='ocrx_word' id='word_1_137' title='bbox 685 2672 778 2737; x_wconf 93' lang='lat' dir='ltr'>Accii</span> <span class='ocrx_word' id='word_1_138' title='bbox 796 2673 917 2739; x_wconf 89' lang='lat' dir='ltr'>Atreus</span> <span class='ocrx_word' id='word_1_139' title='bbox 934 2672 1065 2738; x_wconf 90' lang='lat' dir='ltr'>videtur</span> <span class='ocrx_word' id='word_1_140' title='bbox 1087 2673 1249 2738; x_wconf 90' lang='lat' dir='ltr'>habuisse.</span> 
     </span>
     <span class='ocr_line' id='line_1_22' title="bbox 80 2779 1250 2862; baseline 0.001 -18"><span class='ocrx_word' id='word_1_141' title='bbox 80 2812 83 2817; x_wconf 96' lang='lat'><em>·</em></span> <span class='ocrx_word' id='word_1_142' title='bbox 138 2779 197 2845; x_wconf 88' lang='lat' dir='ltr'>sed</span> <span class='ocrx_word' id='word_1_143' title='bbox 233 2799 305 2844; x_wconf 88' lang='lat' dir='ltr'>cum</span> <span class='ocrx_word' id='word_1_144' title='bbox 339 2780 405 2845; x_wconf 91' lang='lat' dir='ltr'>iam</span> <span class='ocrx_word' id='word_1_145' title='bbox 446 2799 504 2862; x_wconf 93' lang='lat' dir='ltr'>pro</span> <span class='ocrx_word' id='word_1_146' title='bbox 542 2784 631 2845; x_wconf 90' lang='lat' dir='ltr'>certo</span> <span class='ocrx_word' id='word_1_147' title='bbox 668 2781 844 2845; x_wconf 89' lang='lat' dir='ltr'>habeamus</span> <span class='ocrx_word' id='word_1_148' title='bbox 880 2798 944 2844; x_wconf 92' lang='lat' dir='ltr'>non</span> <span class='ocrx_word' id='word_1_149' title='bbox 979 2779 1141 2843; x_wconf 91' lang='lat' dir='ltr'>imitatum</span> <span class='ocrx_word' id='word_1_150' title='bbox 1178 2798 1250 2845; x_wconf 91' lang='lat' dir='ltr'>esse</span> 
     </span>
     <span class='ocr_line' id='line_1_23' title="bbox 139 2876 1250 2968; baseline 0 -19"><span class='ocrx_word' id='word_1_151' title='bbox 139 2884 294 2950; x_wconf 84' lang='lat' dir='ltr'>Senecam</span> <span class='ocrx_word' id='word_1_152' title='bbox 317 2886 458 2968; x_wconf 90' lang='lat' dir='ltr'>priorem</span> <span class='ocrx_word' id='word_1_153' title='bbox 480 2885 570 2950; x_wconf 93' lang='lat' dir='ltr'>illum</span> <span class='ocrx_word' id='word_1_154' title='bbox 592 2885 754 2968; x_wconf 89' lang='lat' dir='ltr'>tragicum</span> <span class='ocrx_word' id='word_1_155' title='bbox 772 2876 960 2965; x_wconf 72' lang='lat' dir='ltr'>Romanum</span> <span class='ocrx_word' id='word_1_156' title='bbox 984 2884 1250 2950; x_wconf 82' lang='lat' dir='ltr'>verisimillimum</span> 
     </span>
     <span class='ocr_line' id='line_1_24' title="bbox 135 2989 1249 3070; baseline 0.001 -16"><span class='ocrx_word' id='word_1_157' title='bbox 135 2989 227 3055; x_wconf 89' lang='lat' dir='ltr'>nohis</span> <span class='ocrx_word' id='word_1_158' title='bbox 269 2995 320 3056; x_wconf 93' lang='lat' dir='ltr'>est</span> <span class='ocrx_word' id='word_1_159' title='bbox 362 3011 433 3057; x_wconf 93' lang='lat' dir='ltr'>eum</span> <span class='ocrx_word' id='word_1_160' title='bbox 474 2995 619 3056; x_wconf 91' lang='lat' dir='ltr'>secutum</span> <span class='ocrx_word' id='word_1_161' title='bbox 660 3009 737 3056; x_wconf 92' lang='lat' dir='ltr'>esse·</span> <span class='ocrx_word' id='word_1_162' title='bbox 774 2991 908 3056; x_wconf 91' lang='lat' dir='ltr'>eundem</span> <span class='ocrx_word' id='word_1_163' title='bbox 951 2994 1115 3055; x_wconf 90' lang='lat' dir='ltr'>auctorem</span> <span class='ocrx_word' id='word_1_164' title='bbox 1156 3010 1249 3070; x_wconf 90' lang='lat' dir='ltr'>quem</span> 
     </span>
     <span class='ocr_line' id='line_1_25' title="bbox 135 3095 1250 3179; baseline 0.001 -19"><span class='ocrx_word' id='word_1_165' title='bbox 135 3095 278 3179; x_wconf 87' lang='lat' dir='ltr'>Accium,</span> <span class='ocrx_word' id='word_1_166' title='bbox 315 3097 349 3161; x_wconf 91' lang='lat' dir='ltr'>id</span> <span class='ocrx_word' id='word_1_167' title='bbox 387 3101 438 3163; x_wconf 90' lang='lat' dir='ltr'>est</span> <span class='ocrx_word' id='word_1_168' title='bbox 475 3097 673 3179; x_wconf 84' lang='lat' dir='ltr'>Sophoclem.</span> <span class='ocrx_word' id='word_1_169' title='bbox 720 3098 802 3162; x_wconf 91' lang='lat' dir='ltr'>haec</span> <span class='ocrx_word' id='word_1_170' title='bbox 837 3116 901 3161; x_wconf 92' lang='lat' dir='ltr'>non</span> <span class='ocrx_word' id='word_1_171' title='bbox 936 3096 985 3161; x_wconf 89' lang='lat' dir='ltr'>ita</span> <span class='ocrx_word' id='word_1_172' title='bbox 1018 3097 1122 3178; x_wconf 91' lang='lat' dir='ltr'>accipi</span> <span class='ocrx_word' id='word_1_173' title='bbox 1152 3097 1250 3163; x_wconf 90' lang='lat' dir='ltr'>velim</span> 
     </span>
     <span class='ocr_line' id='line_1_26' title="bbox 136 3202 1250 3285; baseline 0 -18"><span class='ocrx_word' id='word_1_174' title='bbox 136 3202 230 3282; x_wconf 87' lang='lat' dir='ltr'>quasi</span> <span class='ocrx_word' id='word_1_175' title='bbox 262 3202 399 3268; x_wconf 85' lang='lat' dir='ltr'>dixerim</span> <span class='ocrx_word' id='word_1_176' title='bbox 435 3222 531 3269; x_wconf 89' lang='lat' dir='ltr'>unam</span> <span class='ocrx_word' id='word_1_177' title='bbox 565 3202 732 3285; x_wconf 84' lang='lat' dir='ltr'>Sophoclis</span> <span class='ocrx_word' id='word_1_178' title='bbox 763 3202 907 3268; x_wconf 83' lang='lat' dir='ltr'>fabulam</span> <span class='ocrx_word' id='word_1_179' title='bbox 939 3202 1147 3268; x_wconf 90' lang='lat' dir='ltr'>tractandam</span> <span class='ocrx_word' id='word_1_180' title='bbox 1179 3222 1250 3268; x_wconf 91' lang='lat' dir='ltr'>eum</span> 
     </span>
     <span class='ocr_line' id='line_1_27' title="bbox 135 3309 1251 3394; baseline 0.004 -21"><span class='ocrx_word' id='word_1_181' title='bbox 135 3309 197 3374; x_wconf 90' lang='lat' dir='ltr'>sibi</span> <span class='ocrx_word' id='word_1_182' title='bbox 216 3310 400 3394; x_wconf 85' lang='lat' dir='ltr'>sumpsisse,</span> <span class='ocrx_word' id='word_1_183' title='bbox 420 3311 515 3377; x_wconf 91' lang='lat' dir='ltr'>immo</span> <span class='ocrx_word' id='word_1_184' title='bbox 539 3312 692 3377; x_wconf 90' lang='lat' dir='ltr'>nonnulla</span> <span class='ocrx_word' id='word_1_185' title='bbox 715 3330 755 3376; x_wconf 85' lang='lat' dir='ltr'>ex</span> <span class='ocrx_word' id='word_1_186' title='bbox 773 3310 946 3391; x_wconf 86' lang='lat' dir='ltr'>Euripidia</span> <span class='ocrx_word' id='word_1_187' title='bbox 968 3329 1041 3376; x_wconf 92' lang='lat' dir='ltr'>esse</span> <span class='ocrx_word' id='word_1_188' title='bbox 1060 3310 1251 3393; x_wconf 90' lang='lat' dir='ltr'>deprompta</span> 
     </span>
     <span class='ocr_line' id='line_1_28' title="bbox 136 3415 1250 3501; baseline 0.003 -21"><span class='ocrx_word' id='word_1_189' title='bbox 136 3415 277 3482; x_wconf 91' lang='lat' dir='ltr'>libenter</span> <span class='ocrx_word' id='word_1_190' title='bbox 301 3418 531 3501; x_wconf 82' lang='lat' dir='ltr'>concesserim3</span> <span class='ocrx_word' id='word_1_191' title='bbox 561 3422 736 3500; x_wconf 89' lang='lat' dir='ltr'>praeterea</span> <span class='ocrx_word' id='word_1_192' title='bbox 759 3417 793 3482; x_wconf 92' lang='lat' dir='ltr'>id</span> <span class='ocrx_word' id='word_1_193' title='bbox 817 3416 987 3497; x_wconf 88' lang='lat' dir='ltr'>quodiam</span> <span class='ocrx_word' id='word_1_194' title='bbox 1011 3417 1250 3484; x_wconf 88' lang='lat' dir='ltr'>demonstrasse</span> 
     </span>
     <span class='ocr_line' id='line_1_29' title="bbox 134 3519 1248 3607; baseline 0.002 -22"><span class='ocrx_word' id='word_1_195' title='bbox 134 3519 214 3585; x_wconf 91' lang='lat' dir='ltr'>mihi</span> <span class='ocrx_word' id='word_1_196' title='bbox 236 3521 350 3587; x_wconf 90' lang='lat' dir='ltr'>videor</span> <span class='ocrx_word' id='word_1_197' title='bbox 374 3522 430 3588; x_wconf 87' lang='lat' dir='ltr'>alii</span> <span class='ocrx_word' id='word_1_198' title='bbox 453 3524 646 3607; x_wconf 84' lang='lat' dir='ltr'>tragoediae</span> <span class='ocrx_word' id='word_1_199' title='bbox 670 3523 831 3588; x_wconf 90' lang='lat' dir='ltr'>nescimus</span> <span class='ocrx_word' id='word_1_200' title='bbox 854 3523 952 3604; x_wconf 87' lang='lat' dir='ltr'>cuius,</span> <span class='ocrx_word' id='word_1_201' title='bbox 977 3526 1127 3603; x_wconf 88' lang='lat' dir='ltr'>putamus</span> <span class='ocrx_word' id='word_1_202' title='bbox 1145 3523 1248 3603; x_wconf 87' lang='lat' dir='ltr'>Varii,</span> 
     </span>
     <span class='ocr_line' id='line_1_30' title="bbox 132 3628 367 3694; baseline 0.004 -2"><span class='ocrx_word' id='word_1_203' title='bbox 132 3646 243 3693; x_wconf 88' lang='lat' dir='ltr'>curam</span> <span class='ocrx_word' id='word_1_204' title='bbox 267 3628 367 3694; x_wconf 88' lang='lat' dir='ltr'>dedit.</span> 
     </span>
    </p>
   </div>
   <div class='ocr_carea' id='block_1_4' title="bbox 0 0 1530 4882">
    <p class='ocr_par' dir='ltr' id='par_1_6' title="bbox 0 0 1530 4882">
     <span class='ocr_line' id='line_1_31' title="bbox 0 0 1530 4882; baseline 0 3"><span class='ocrx_word' id='word_1_205' title='bbox 0 0 1530 4882; x_wconf 95' lang='lat' dir='ltr'> </span> 
     </span>
    </p>
   </div>
  </div>
 </body>
</html>
