3052 4882
1266 309 1313 384 63

207 524 341 587 mortem
364 515 486 604 tetigit,
511 522 569 586 sed
588 537 710 586 summa
734 517 890 585 dramatis
914 520 1021 602 posita
1045 526 1096 585 est
1118 520 1152 585 in
1174 520 1316 585 Hectore

206 629 429 694 interficiendo
467 629 600 708 eiusque
637 647 770 709 corpore
807 628 1004 692 redimendo.
1058 646 1140 706 quae
1177 647 1248 692 cum
1284 627 1318 691 in

206 735 351 800 Acciana
373 735 645 816 Epinausimaohe
674 735 778 799 locum
801 754 865 798 non
887 734 1070 815 habuerint,
1095 738 1132 799 ut
1154 733 1316 798 Robertus

206 862 269 907 non
298 842 368 906 sine
392 860 491 907 causa
514 841 658 923 negavit,
687 840 740 905 hic
763 841 879 905 saltem
902 841 1010 921 paullo
1036 839 1157 905 certius
1181 839 1316 904 dixerim

206 949 338 1014 Accium
361 967 424 1013 non
447 947 532 1012 idem
556 948 721 1028 exemplar
745 947 828 1026 quod
851 946 990 1011 Ennium
1019 945 1226 1028 expressisse.

312 1072 390 1136 Cum
425 1071 568 1138 Pacuvio
605 1070 723 1136 Accius
754 1070 924 1134 Armorum
959 1070 1117 1135 Iudicium
1153 1089 1316 1135 commune

206 1180 314 1243 habet.
346 1178 387 1242 de
409 1183 547 1257 utraque
571 1176 697 1256 quidem
721 1176 917 1241 sententiam
940 1196 998 1240 nos
1021 1176 1108 1242 ferre
1131 1176 1316 1259 fragmenta

207 1305 270 1349 non
293 1284 414 1349 sinunt

311 1409 379 1473 Nec
415 1408 519 1473 minus
557 1408 597 1472 de
633 1407 766 1487 reliquis
802 1406 922 1472 fabulis
960 1407 1056 1472 silere
1092 1407 1206 1472 melius
1237 1411 1315 1489 puto

208 1535 301 1594 quam
333 1515 428 1595 plane
451 1514 577 1578 incerta
608 1513 755 1595 proferre
778 1514 830 1580 vel
862 1518 1013 1595 repetere
1037 1552 1077 1558 —
1102 1534 1198 1579 unum
1228 1514 1316 1578 haud

206 1623 278 1687 leve
301 1640 364 1685 non
387 1620 666 1702 praetermittam:
703 1619 821 1684 Accius
844 1639 977 1700 perraro
1001 1619 1128 1685 fabulas
1151 1625 1226 1701 post
1247 1624 1315 1685 tres

207 1727 397 1810 tragoediae
411 1726 573 1808 principes
589 1727 701 1791 doctas
716 1726 877 1791 tractavit
892 1725 947 1811 (cf.
963 1725 1031 1791 Leo
1046 1746 1077 1807 p.
1095 1733 1156 1790 158
1172 1726 1246 1791 adn.
1260 1725 1314 1812 15)

207 1839 242 1899 et
263 1833 389 1899 illorum
404 1834 501 1899 trium
517 1834 705 1915 Sophoclem
719 1834 906 1914 plerumque
928 1820 1074 1897 imitatus
1094 1837 1159 1897 est:
1183 1836 1316 1914 praeter

207 1940 334 2005 fabulas
367 1960 465 2021 supra
494 1944 690 2005 memoratas
720 1939 754 2004 in
785 1939 961 2022 Antigona,
998 1938 1167 2021 Epigonis
1200 1939 1313 2020 Tereo,

206 2045 431 2133 Philocteta,¹)
462 2044 700 2132 Neoptolemd)
742 2050 775 2111 et
815 2046 956 2111 fortasse
997 2046 1031 2111 in
1066 2045 1212 2128 Erigona
1249 2044 1315 2131 (vel

206 2153 542 2237 Agamemnonidis?)‚
565 2153 739 2236 Pelopidis,
762 2152 973 2218 Antenoridis
996 2152 1142 2232 aliisque.

313 2294 435 2377 Quibus
470 2297 567 2360 rebus
602 2293 761 2360 concessis
796 2293 916 2359 nemini
948 2294 1120 2359 absurdum
1151 2293 1332 2379 videmur

207 2401 353 2483 profiteri
382 2401 479 2466 etiam
508 2400 542 2465 in
565 2401 666 2465 Atreo
698 2399 779 2464 mori
811 2419 867 2464 suo
900 2400 1066 2481 Sophoclis
1096 2400 1315 2465 transferendi

208 2507 340 2572 Accium
357 2508 538 2573 indulsisse.
562 2527 665 2587 neque
689 2507 774 2572 enim
797 2509 933 2571 obscura
955 2506 1012 2571 illa
1035 2510 1108 2571 erat
1126 2526 1185 2571 nec
1202 2526 1314 2573 verum

209 2613 321 2679 estid
352 2614 436 2695 quod
464 2615 654 2696 Hartungus
684 2614 765 2679 dicit
794 2613 828 2698 (l.
857 2614 877 2677 l.
909 2634 939 2695 p.
967 2613 1043 2698 187)
1073 2614 1123 2678 ‘de
1157 2614 1313 2696 Sophocle

209 2722 308 2791 οὐδεὶς
330 2721 437 2803 λόγος’
471 2720 572 2800 quid?
598 2720 682 2801 quod
706 2724 800 2785 extat
823 2719 957 2802 Statylli
979 2719 1092 2784 Flacci
1115 2720 1314 2804 epigramma

314 3002 335 3071 ¹)
363 3003 415 3056 scis
442 3003 474 3056 de
501 3002 670 3055 Philoctetae
698 3002 842 3070 exemplari
869 3002 941 3056 viros
968 3002 1060 3056 doctos
1084 3003 1162 3057 valde
1188 3001 1261 3056 inter
1285 3018 1314 3056 se

210 3089 357 3145 dissentire.
382 3107 441 3145 meo
456 3091 561 3158 quidem
575 3090 681 3156 iudicio,
700 3106 759 3144 cum
772 3090 849 3159 plura
863 3091 1015 3160 fragmenta
1029 3091 1180 3159 Sophocleis
1194 3091 1313 3144 versibus

209 3180 394 3247 respondeant,
425 3185 489 3233 ante
521 3180 608 3233 omnia
639 3179 782 3233 videndum
813 3185 855 3232 est
881 3180 1018 3247 possintne
1043 3185 1133 3233 cetera
1161 3195 1193 3232 ex
1220 3180 1313 3232 eadem

209 3270 344 3339 Sophoclis
369 3270 458 3324 fabula
486 3269 620 3337 explicari.
664 3269 733 3336 quod
759 3268 817 3321 fieri
844 3284 921 3335 posse
946 3284 1102 3337 persuasum
1129 3267 1194 3321 mihi
1220 3268 1312 3320 habeo.

207 3374 321 3426 namque
347 3359 374 3412 id
397 3373 500 3426 semper
525 3358 617 3426 opinor
634 3357 722 3411 teneri
741 3357 820 3410 debet
838 3357 953 3410 minume
972 3357 1006 3410 ad
1024 3356 1134 3410 verbum
1152 3357 1185 3409 de
1204 3355 1313 3409 Graecis

208 3447 318 3500 Accium
342 3447 464 3512 vertisse,
489 3447 573 3500 veluti
597 3447 626 3499 in
647 3445 792 3514 Antigona,
819 3446 864 3499 ubi
891 3461 923 3499 ea
948 3461 1015 3513 quae
1032 3445 1104 3512 apud
1121 3445 1199 3512 Soph.
1218 3460 1242 3497 v.
1261 3446 1313 3496 249

208 3535 318 3590 nuntius
336 3541 429 3590 narrat
447 3552 463 3588 a
480 3536 599 3588 Romano
617 3539 697 3602 poeta
714 3533 743 3586 in
761 3533 894 3587 canticum
915 3538 1020 3587 mutata
1037 3532 1120 3586 vides.

315 3641 337 3712 ⁹)
355 3643 454 3696 iterum
471 3641 605 3695 Robertus
624 3641 652 3708 (l.
672 3657 694 3693 c.
712 3657 737 3708 p.
758 3642 803 3708 34)
822 3640 897 3694 nobis
915 3641 1001 3694 facem
1018 3639 1139 3708 praefert
1157 3636 1314 3705 Tyrwhittii

209 3732 375 3785 restituendo
394 3729 555 3784 sententiam
579 3730 713 3796 Σκυρίους
738 3729 910 3797 Sophocleum
928 3730 961 3783 de
979 3727 1154 3795 Neoptolemo
1172 3725 1254 3793 Scyro
1281 3740 1314 3778 ex

209 3823 296 3876 insula
320 3821 477 3876 arcessendo
501 3820 600 3890 egisse;
628 3821 773 3888 eademque
797 3822 830 3874 de
852 3834 882 3873 re
899 3817 974 3871 Accii
992 3817 1083 3871 fabula
1107 3813 1313 3883 ‘Neoptolemus’

209 3912 359 3979 conscripta
377 3916 444 3965 erat.
481 3909 539 3976 quis
561 3914 670 3977 praeter
688 3908 843 3977 Sophoclem
861 3907 887 3961 in
907 3910 1065 3976 argumento
1083 3904 1130 3958 illo
1155 3901 1313 3956 celebrando

209 4007 332 4054 versatus
370 4000 407 4054 sit
443 3999 600 4069 ignoratum
636 3997 732 4052 titulus
768 4003 874 4052 tantum
912 3992 1118 4062 ‘Neoptolemus'
1159 3989 1313 4045 Nicomachi

210 4089 345 4143 cuiusdam
364 4094 393 4142 et
410 4087 560 4142 Mimnermi
579 4087 734 4153 ceteroquin
751 4085 838 4156 ignoti
856 4084 999 4138 memoriae
1023 4081 1140 4135 traditus
1159 4085 1208 4134 est.
1245 4094 1313 4146 quae

210 4192 269 4231 cum
287 4177 327 4231 ita
344 4177 400 4230 sint
416 4177 491 4231 nulla
507 4191 537 4230 re
555 4175 678 4243 impediri
695 4191 743 4229 nos
761 4174 839 4229 video
858 4173 996 4241 quominus
1013 4170 1124 4224 Accium
1151 4168 1313 4237 suspicemur

208 4270 329 4320 secutum
348 4280 405 4318 esse
423 4265 587 4333 Sophoclem.
