3052 4882
253 329 274 396 6

251 533 361 616 gratia
384 536 478 597 erant
502 551 601 612 opera
624 550 702 611 prae
727 529 912 593 recentibus
935 528 1158 609 reprimerent.
1190 547 1361 608 quaecum

250 638 300 703 ita
323 637 389 702 sint
410 637 481 702 fieri
504 656 567 701 non
590 634 696 717 potuit
726 634 801 715 quin
824 634 1016 717 tragoediae
1049 653 1173 715 quoque
1195 635 1361 698 Romanae

203 753 205 758 ‘
252 746 405 826 antiquae
425 745 603 810 auctoritas
623 747 657 809 et
669 726 770 809 honor
783 743 888 825 magis
902 743 1069 825 magisque
1083 741 1361 808 imminuerentur:

251 872 368 918 novum
390 850 582 934 tragoediae
605 869 706 934 genus
731 848 849 914 exoriri
873 847 1020 914 ridemus
1043 850 1128 930 quod
1150 848 1256 913 omnia
1279 867 1361 929 quae

252 958 416 1041 inpriore
443 958 567 1023 frustra
591 958 830 1037 quaerebantur
860 956 1057 1038 suppeditat.
1099 955 1197 1021 Ennii
1226 955 1363 1022 Pacuvii

252 1066 343 1132 Accii
365 1066 494 1131 fabulas
508 1065 536 1130 si
554 1064 736 1132 memineris
751 1063 914 1129 Ciceronis
938 1065 1042 1130 adhue
1066 1068 1177 1130 aetate
1202 1063 1362 1149 (quamvis

252 1173 316 1237 iam
352 1175 421 1237 tum
456 1171 556 1236 fuisse
598 1170 651 1250 qui
687 1170 814 1235 fabulas
851 1169 925 1234 illas
962 1174 1205 1235 contemnerent
1241 1189 1259 1234 e
1297 1169 1360 1235 Cic.

254 1280 348 1344 Tusc.
386 1279 436 1343 111
470 1284 520 1359 19,
557 1283 598 1342 45
638 1275 811 1362 appareat)
848 1276 881 1340 in
918 1295 1038 1341 summo
1075 1278 1195 1342 honore
1231 1277 1362 1341 habitas

253 1384 460 1464 sequentibus
492 1382 558 1448 iam
586 1383 783 1464 temporibus
815 1401 947 1464 prorsus
972 1401 1043 1447 esse
1066 1382 1247 1464 despectas,
1279 1384 1363 1448 lucu-

252 1492 374 1556 lentum
393 1509 471 1555 sane
485 1491 587 1554 habes
603 1490 843 1570 documentum
853 1495 1007 1568 quantum
1022 1491 1203 1571 temporum
1218 1489 1361 1554 condicio

253 1600 449 1661 commutata
478 1594 635 1677 paulatim
667 1599 702 1659 et
735 1594 769 1658 in
800 1594 920 1660 fabulis
952 1595 1180 1660 convertendis
1211 1595 1361 1661 valuerit.

253 1703 365 1767 sedne
379 1701 524 1783 pluribus
539 1701 666 1782 singrda
679 1700 846 1782 explicem,
866 1699 1006 1782 Horatii,
1026 1704 1195 1782 poetarum
1210 1702 1361 1784 censoris,

252 1811 353 1874 uerba
384 1807 418 1871 in
449 1807 633 1872 memoriam
670 1806 731 1871 tibi
762 1826 918 1872 revocare
951 1807 1032 1873 satis
1055 1809 1177 1872 habeo.
1216 1807 1363 1874 conferas

254 1933 373 1994 quaeso
397 1933 447 1996 ep.
466 1914 509 1994 Π,
532 1919 560 1995 1,
584 1919 624 1977 18
648 1931 707 1993 sq,
731 1912 785 1977 ubi
804 1913 998 1995 perstringit
1015 1932 1204 1995 perversum
1223 1914 1364 1979 studium

254 2042 379 2104 semper
408 2021 557 2087 laudibus
589 2020 743 2108 efferendi
772 2025 896 2103 uetera,
934 2021 1122 2103 praesentia
1153 2021 1361 2104 despiciendi.

253 2129 287 2193 in
305 2127 403 2193 Ennii
424 2147 549 2208 quoque
567 2126 721 2206 Acciique
745 2126 861 2192 iambis
885 2126 1019 2192 offendit
1043 2132 1104 2192 art.
1124 2132 1210 2209 poet.
1233 2134 1295 2193 258
1316 2148 1362 2209 sq.

254 2235 365 2300 eodem
381 2239 531 2316 spectant
546 2253 627 2315 quae
636 2233 771 2299 Ovidius
781 2234 821 2298 de
831 2233 936 2299 Ennio
953 2234 1033 2299 dicit
1043 2235 1168 2299 amor]
1184 2240 1363 2318 15‚19sq.;

252 2341 338 2406 trist.
353 2341 387 2404 Π
401 2345 465 2404 423
481 2359 543 2422 sq.;
567 2340 645 2405 ibid.
667 2348 729 2407 259
746 2338 834 2426 sq.²).
855 2339 1123 2420 subsequentibus
1143 2344 1251 2406 autem
1270 2342 1363 2407 annis

253 2447 398 2528 plerique
420 2446 484 2513 uiri
507 2447 594 2511 docti
618 2450 659 2512 ab
684 2447 818 2528 antiqua
843 2447 1015 2528 tragoedia
1038 2465 1169 2528 prorsus
1193 2448 1363 2513 abhorrue-

252 2558 338 2635 runt,
372 2553 489 2636 quippe
521 2554 575 2634 qui
606 2560 721 2637 poetas
752 2556 914 2619 Romanos
942 2554 1011 2618 fere
1047 2555 1150 2619 nullos
1187 2556 1364 2636 probarent

253 2678 356 2739 neque
393 2659 598 2725 imitarentur
634 2660 696 2725 nisi
724 2660 918 2742 Augusteos.
964 2659 1084 2741 optime
1116 2659 1151 2724 id
1180 2659 1364 2726 illustratur

256 2766 461 2830 Taciti-dial.
488 2786 558 2848 cap.
585 2773 635 2849 20,
663 2767 718 2832 ubi
740 2768 783 2831 M.
808 2767 907 2849 Aper,
932 2766 1053 2831 saeculi
1077 2765 1126 2831 sui
1148 2786 1364 2848 novorumque

254 2875 419 2938 rhetorum
442 2879 607 2956 patronus,
632 2874 841 2956 pronuntiare
864 2893 928 2939 non
951 2873 1095 2939 dubitat:
1128 2878 1262 2960 eripitur
1284 2879 1364 2940 euim

254 2985 319 3045 iqui
343 2982 381 3045 ub
404 2990 522 3047 orutore
545 2985 636 3047 etium
660 2986 793 3067 poeticus
819 2986 915 3066 decor,
948 3004 1010 3046 uou
1038 2984 1126 3046 Accii
1153 2990 1209 3047 aut
1235 2983 1365 3048 Pacuuii

255 3095 371 3152 oetmuo
390 3091 582 3174 inquinatus,
606 3091 659 3153 sed
677 3111 713 3153 ac
725 3089 853 3154 Horatii
867 3097 893 3154 ct
908 3091 1035 3174 Verpitii
1048 3097 1076 3154 et
1089 3090 1213 3154 bocum·
1226 3094 1365 3155 cumerio

250 3197 401 3280 prolutus,
426 3196 534 3259 borum
557 3199 653 3281 ipitur
676 3199 805 3263 curibus
828 3205 856 3262 et
878 3199 1003 3263 iudiciis
1021 3198 1227 3282 obtemperans
1249 3207 1365 3263 uestro·

256 3323 327 3366 rum
363 3309 520 3367 oratorum
557 3311 640 3367 octos
671 3305 832 3388 pulchrior
868 3312 895 3368 et
926 3305 1066 3367 oruutior
1098 3306 1201 3369 eutitii.
1240 3307 1274 3368 et
1307 3311 1364 3369 21:

256 3411 387 3474 Asiuius
411 3431 534 3495 quoque,
564 3433 752 3497 quemquam
768 3413 965 3497 propioribus
998 3413 1178 3497 temporibus
1201 3416 1364 3496 uetuerit,

257 3516 375 3579 uidetur
402 3516 478 3578 mibi
506 3518 584 3580 iuter
611 3517 764 3582 Meucuios
792 3525 818 3581 ct
845 3519 962 3602 Appios
990 3519 1148 3583 studuisse.
1195 3518 1366 3583 Pacuuium

257 3629 332 3686 certe
372 3630 399 3685 et
439 3623 568 3686 Accium
608 3644 669 3686 uou
704 3626 801 3688 soturu
843 3625 876 3686 iu
916 3625 1081 3710 tropocdiis
1117 3626 1170 3688 scd
1205 3626 1296 3688 aium
1332 3626 1367 3687 iu

366 3936 385 4003 ¹)
414 3937 512 3990 addere
537 3937 603 3990 libet
633 3945 736 3991 certum
762 3939 827 3992 mihi
851 3939 945 4004 videri,
978 3939 1102 3994 Ovidium
1127 3938 1246 4009 tragicos
1271 3941 1367 3998 Roma-

259 4040 352 4077 norum
377 4024 501 4090 antiquos
526 4026 605 4092 plane
624 4031 795 4093 aspernatum
813 4027 880 4080 nihil
899 4043 931 4081 ex
956 4028 989 4082 iis
1006 4027 1035 4082 in
1053 4045 1129 4082 usum
1149 4045 1226 4084 suum
1244 4030 1367 4085 vertisse.

259 4112 368 4165 Graecis
386 4113 499 4166 debebat
524 4114 658 4182 pleraque,
686 4116 739 4170 alia
758 4115 880 4184 Vergilio
903 4117 947 4183 qui
971 4117 1077 4184 quidem
1099 4117 1157 4186 ipse
1179 4123 1286 4174 veteres
1307 4119 1368 4174 illos

259 4201 392 4253 Romanos
410 4202 562 4270 saepissime
581 4203 706 4271 respexit.
734 4203 780 4257 alii
803 4205 964 4260 contrariam
986 4206 1148 4262 sententiam
1167 4207 1315 4264 defendunt
1337 4214 1368 4263 ut

258 4289 419 4345 Ribbeckius
437 4291 464 4344 in
483 4291 564 4362 Trag.
582 4292 658 4347 Rom.
