<?xml version="1.0" encoding="UTF-8"?>
<!DOCTYPE html PUBLIC "-//W3C//DTD XHTML 1.0 Transitional//EN"
    "http://www.w3.org/TR/xhtml1/DTD/xhtml1-transitional.dtd">
<html xmlns="http://www.w3.org/1999/xhtml" xml:lang="en" lang="en">
 <head>
  <title>
</title>
<meta http-equiv="Content-Type" content="text/html;charset=utf-8" />
  <meta name='ocr-system' content='tesseract 3.04.00' />
  <meta name='ocr-capabilities' content='ocr_page ocr_carea ocr_par ocr_line ocrx_word'/>
</head>
<body>
  <div class='ocr_page' id='page_1' title='image "./derationeinters00stragoog_0026.png"; bbox 0 0 3052 4882; ppageno 0'>
   <div class='ocr_carea' id='block_1_1' title="bbox 1275 344 1322 412">
    <p class='ocr_par' dir='ltr' id='par_1_1' title="bbox 1275 344 1322 412">
     <span class='ocr_line' id='line_1_1' title="bbox 1275 344 1322 412; baseline -0.021 0"><span class='ocrx_word' id='word_1_1' title='bbox 1275 344 1322 412; x_wconf 79' lang='lat'>21</span> 
     </span>
    </p>
   </div>
   <div class='ocr_carea' id='block_1_2' title="bbox 212 547 1325 1374">
    <p class='ocr_par' dir='ltr' id='par_1_2' title="bbox 212 547 1325 1374">
     <span class='ocr_line' id='line_1_2' title="bbox 321 547 1324 630; baseline 0.003 -18"><span class='ocrx_word' id='word_1_2' title='bbox 321 547 456 612; x_wconf 77' lang='lat' dir='ltr'>Constat</span> <span class='ocrx_word' id='word_1_3' title='bbox 478 547 566 612; x_wconf 86' lang='lat' dir='ltr'>inter</span> <span class='ocrx_word' id='word_1_4' title='bbox 584 565 692 611; x_wconf 92' lang='lat' dir='ltr'>omnes</span> <span class='ocrx_word' id='word_1_5' title='bbox 712 548 926 611; x_wconf 82' lang='lat' dir='ltr'>Romanorum</span> <span class='ocrx_word' id='word_1_6' title='bbox 946 547 1090 630; x_wconf 87' lang='lat' dir='ltr'>tragicos</span> <span class='ocrx_word' id='word_1_7' title='bbox 1113 549 1238 629; x_wconf 86' lang='lat' dir='ltr'>priores</span> <span class='ocrx_word' id='word_1_8' title='bbox 1261 570 1324 615; x_wconf 93' lang='lat' dir='ltr'>non</span> 
     </span>
     <span class='ocr_line' id='line_1_3' title="bbox 216 652 1325 735; baseline 0.003 -17"><span class='ocrx_word' id='word_1_9' title='bbox 216 654 348 718; x_wconf 89' lang='lat' dir='ltr'>multum</span> <span class='ocrx_word' id='word_1_10' title='bbox 370 653 544 718; x_wconf 77' lang='lat' dir='ltr'>recessisse</span> <span class='ocrx_word' id='word_1_11' title='bbox 575 654 616 717; x_wconf 90' lang='lat' dir='ltr'>ab</span> <span class='ocrx_word' id='word_1_12' title='bbox 646 652 884 733; x_wconf 81' lang='lat' dir='ltr'>exemplaribus</span> <span class='ocrx_word' id='word_1_13' title='bbox 907 653 1042 718; x_wconf 79' lang='lat' dir='ltr'>Graecis</span> <span class='ocrx_word' id='word_1_14' title='bbox 1073 654 1190 735; x_wconf 86' lang='lat' dir='ltr'>quippe</span> <span class='ocrx_word' id='word_1_15' title='bbox 1215 655 1325 735; x_wconf 90' lang='lat' dir='ltr'>quiid</span> 
     </span>
     <span class='ocr_line' id='line_1_4' title="bbox 216 757 1325 840; baseline 0.003 -17"><span class='ocrx_word' id='word_1_16' title='bbox 216 777 335 824; x_wconf 89' lang='lat' dir='ltr'>summo</span> <span class='ocrx_word' id='word_1_17' title='bbox 367 777 463 840; x_wconf 92' lang='lat' dir='ltr'>opere</span> <span class='ocrx_word' id='word_1_18' title='bbox 495 762 640 840; x_wconf 81' lang='lat' dir='ltr'>agerent,</span> <span class='ocrx_word' id='word_1_19' title='bbox 673 763 710 822; x_wconf 89' lang='grc'>11</span> <span class='ocrx_word' id='word_1_20' title='bbox 742 777 782 823; x_wconf 93' lang='lat' dir='ltr'>ea</span> <span class='ocrx_word' id='word_1_21' title='bbox 811 759 883 839; x_wconf 90' lang='lat' dir='ltr'>plus</span> <span class='ocrx_word' id='word_1_22' title='bbox 912 757 1057 824; x_wconf 89' lang='lat' dir='ltr'>minusve</span> <span class='ocrx_word' id='word_1_23' title='bbox 1089 765 1241 825; x_wconf 90' lang='lat' dir='ltr'>accurate</span> <span class='ocrx_word' id='word_1_24' title='bbox 1274 780 1325 826; x_wconf 90' lang='lat' dir='ltr'>ex·</span> 
     </span>
     <span class='ocr_line' id='line_1_5' title="bbox 214 865 1323 948; baseline 0.002 -17"><span class='ocrx_word' id='word_1_25' title='bbox 214 866 406 948; x_wconf 82' lang='lat' dir='ltr'>primerent3</span> <span class='ocrx_word' id='word_1_26' title='bbox 438 886 499 946; x_wconf 93' lang='lat' dir='ltr'>quo</span> <span class='ocrx_word' id='word_1_27' title='bbox 529 865 649 931; x_wconf 87' lang='lat' dir='ltr'>facturn</span> <span class='ocrx_word' id='word_1_28' title='bbox 681 871 732 930; x_wconf 89' lang='lat' dir='ltr'>cst</span> <span class='ocrx_word' id='word_1_29' title='bbox 755 870 791 932; x_wconf 86' lang='lat' dir='ltr'>ut</span> <span class='ocrx_word' id='word_1_30' title='bbox 822 865 927 948; x_wconf 89' lang='lat' dir='ltr'>magis</span> <span class='ocrx_word' id='word_1_31' title='bbox 960 870 1032 931; x_wconf 89' lang='lat' dir='ltr'>arte</span> <span class='ocrx_word' id='word_1_32' title='bbox 1054 867 1205 932; x_wconf 91' lang='lat' dir='ltr'>vertendi</span> <span class='ocrx_word' id='word_1_33' title='bbox 1229 887 1323 948; x_wconf 90' lang='lat' dir='ltr'>quam</span> 
     </span>
     <span class='ocr_line' id='line_1_6' title="bbox 214 971 1324 1054; baseline 0.001 -16"><span class='ocrx_word' id='word_1_34' title='bbox 214 991 272 1038; x_wconf 87' lang='lat' dir='ltr'>sua</span> <span class='ocrx_word' id='word_1_35' title='bbox 303 972 445 1054; x_wconf 88' lang='lat' dir='ltr'>ipsorum</span> <span class='ocrx_word' id='word_1_36' title='bbox 473 971 660 1038; x_wconf 77' lang='lat' dir='ltr'>inventione</span> <span class='ocrx_word' id='word_1_37' title='bbox 683 972 800 1037; x_wconf 89' lang='lat' dir='ltr'>fierent</span> <span class='ocrx_word' id='word_1_38' title='bbox 822 977 948 1054; x_wconf 90' lang='lat' dir='ltr'>poetae.</span> <span class='ocrx_word' id='word_1_39' title='bbox 995 992 1071 1038; x_wconf 92' lang='lat' dir='ltr'>nam</span> <span class='ocrx_word' id='word_1_40' title='bbox 1099 973 1226 1039; x_wconf 88' lang='lat' dir='ltr'>etiamsi</span> <span class='ocrx_word' id='word_1_41' title='bbox 1250 994 1324 1040; x_wconf 93' lang='lat' dir='ltr'>non-</span> 
     </span>
     <span class='ocr_line' id='line_1_7' title="bbox 212 1078 1324 1161; baseline 0.002 -17"><span class='ocrx_word' id='word_1_42' title='bbox 212 1079 302 1144; x_wconf 88' lang='lat' dir='ltr'>nulla</span> <span class='ocrx_word' id='word_1_43' title='bbox 325 1078 421 1143; x_wconf 87' lang='lat' dir='ltr'>aliter</span> <span class='ocrx_word' id='word_1_44' title='bbox 444 1098 465 1142; x_wconf 91' lang='lat' dir='ltr'>a</span> <span class='ocrx_word' id='word_1_45' title='bbox 487 1078 641 1143; x_wconf 86' lang='lat' dir='ltr'>Romanis</span> <span class='ocrx_word' id='word_1_46' title='bbox 664 1078 812 1143; x_wconf 80' lang='lat' dir='ltr'>tr&#39;actata</span> <span class='ocrx_word' id='word_1_47' title='bbox 834 1078 981 1144; x_wconf 88' lang='lat' dir='ltr'>invenias</span> <span class='ocrx_word' id='word_1_48' title='bbox 1006 1098 1101 1159; x_wconf 92' lang='lat' dir='ltr'>quam</span> <span class='ocrx_word' id='word_1_49' title='bbox 1125 1081 1324 1161; x_wconf 90' lang='lat' dir='ltr'>exemplaria</span> 
     </span>
     <span class='ocr_line' id='line_1_8' title="bbox 213 1184 1323 1267; baseline 0.001 -17"><span class='ocrx_word' id='word_1_50' title='bbox 213 1184 342 1250; x_wconf 86' lang='lat' dir='ltr'>Graeca</span> <span class='ocrx_word' id='word_1_51' title='bbox 364 1187 522 1266; x_wconf 81' lang='lat' dir='ltr'>praebent</span> <span class='ocrx_word' id='word_1_52' title='bbox 546 1186 598 1250; x_wconf 94' lang='lat' dir='ltr'>vel</span> <span class='ocrx_word' id='word_1_53' title='bbox 616 1184 806 1266; x_wconf 84' lang='lat' dir='ltr'>praebuisse</span> <span class='ocrx_word' id='word_1_54' title='bbox 824 1184 986 1267; x_wconf 82' lang='lat' dir='ltr'>videntur,</span> <span class='ocrx_word' id='word_1_55' title='bbox 1011 1189 1120 1250; x_wconf 91' lang='lat' dir='ltr'>tamen</span> <span class='ocrx_word' id='word_1_56' title='bbox 1140 1184 1323 1251; x_wconf 84' lang='lat' dir='ltr'>differentia</span> 
     </span>
     <span class='ocr_line' id='line_1_9' title="bbox 212 1290 1323 1374; baseline 0.003 -20"><span class='ocrx_word' id='word_1_57' title='bbox 212 1310 276 1354; x_wconf 93' lang='lat' dir='ltr'>non</span> <span class='ocrx_word' id='word_1_58' title='bbox 299 1295 394 1356; x_wconf 89' lang='lat' dir='ltr'>tanta</span> <span class='ocrx_word' id='word_1_59' title='bbox 417 1309 488 1355; x_wconf 87' lang='lat' dir='ltr'>esse</span> <span class='ocrx_word' id='word_1_60' title='bbox 507 1290 637 1356; x_wconf 89' lang='lat' dir='ltr'>videtur</span> <span class='ocrx_word' id='word_1_61' title='bbox 661 1296 697 1355; x_wconf 88' lang='lat' dir='ltr'>ut</span> <span class='ocrx_word' id='word_1_62' title='bbox 716 1291 823 1355; x_wconf 90' lang='lat' dir='ltr'>aliena</span> <span class='ocrx_word' id='word_1_63' title='bbox 843 1291 980 1355; x_wconf 90' lang='lat' dir='ltr'>ducatur</span> <span class='ocrx_word' id='word_1_64' title='bbox 998 1310 1018 1354; x_wconf 91' lang='lat' dir='ltr'>a</span> <span class='ocrx_word' id='word_1_65' title='bbox 1036 1290 1184 1357; x_wconf 81' lang='lat' dir='ltr'>versione</span> <span class='ocrx_word' id='word_1_66' title='bbox 1204 1292 1323 1374; x_wconf 88' lang='lat' dir='ltr'>quippe</span> 
     </span>
    </p>
   </div>
   <div class='ocr_carea' id='block_1_3' title="bbox 213 1397 1425 1488">
    <p class='ocr_par' dir='ltr' id='par_1_3' title="bbox 213 1397 1425 1488">
     <span class='ocr_line' id='line_1_10' title="bbox 213 1397 1425 1488; baseline 0.002 -27"><span class='ocrx_word' id='word_1_67' title='bbox 213 1416 295 1475; x_wconf 87' lang='lat' dir='ltr'>quae</span> <span class='ocrx_word' id='word_1_68' title='bbox 313 1416 377 1461; x_wconf 93' lang='lat' dir='ltr'>non</span> <span class='ocrx_word' id='word_1_69' title='bbox 395 1399 528 1462; x_wconf 91' lang='lat' dir='ltr'>verbum</span> <span class='ocrx_word' id='word_1_70' title='bbox 548 1417 566 1461; x_wconf 92' lang='lat' dir='ltr'>c</span> <span class='ocrx_word' id='word_1_71' title='bbox 585 1399 683 1463; x_wconf 93' lang='lat' dir='ltr'>verbo</span> <span class='ocrx_word' id='word_1_72' title='bbox 702 1398 829 1478; x_wconf 81' lang='lat' dir='ltr'>reddat,</span> <span class='ocrx_word' id='word_1_73' title='bbox 855 1397 912 1462; x_wconf 89' lang='lat' dir='ltr'>sed</span> <span class='ocrx_word' id='word_1_74' title='bbox 936 1416 976 1462; x_wconf 93' lang='lat' dir='ltr'>ex</span> <span class='ocrx_word' id='word_1_75' title='bbox 995 1415 1055 1462; x_wconf 90' lang='lat' dir='ltr'>usu</span> <span class='ocrx_word' id='word_1_76' title='bbox 1074 1397 1197 1477; x_wconf 89' lang='lat' dir='ltr'>aliquid</span> <span class='ocrx_word' id='word_1_77' title='bbox 1214 1398 1323 1464; x_wconf 78' lang='lat' dir='ltr'>variet</span> <span class='ocrx_word' id='word_1_78' title='bbox 1422 1482 1425 1488; x_wconf 25' lang='grc' dir='ltr'><strong><em>Ι</em></strong></span> 
     </span>
    </p>
   </div>
   <div class='ocr_carea' id='block_1_4' title="bbox 204 1505 1373 4365">
    <p class='ocr_par' dir='ltr' id='par_1_4' title="bbox 204 1505 1373 4365">
     <span class='ocr_line' id='line_1_11' title="bbox 213 1505 1373 1587; baseline 0.002 -18"><span class='ocrx_word' id='word_1_79' title='bbox 213 1510 334 1587; x_wconf 86' lang='lat' dir='ltr'>augeat</span> <span class='ocrx_word' id='word_1_80' title='bbox 366 1510 528 1570; x_wconf 83' lang='lat' dir='ltr'>extenuet.</span> <span class='ocrx_word' id='word_1_81' title='bbox 575 1525 643 1569; x_wconf 90' lang='lat' dir='ltr'>rem</span> <span class='ocrx_word' id='word_1_82' title='bbox 673 1505 756 1569; x_wconf 91' lang='lat' dir='ltr'>enim</span> <span class='ocrx_word' id='word_1_83' title='bbox 788 1505 838 1570; x_wconf 89' lang='lat' dir='ltr'>ita</span> <span class='ocrx_word' id='word_1_84' title='bbox 861 1524 896 1570; x_wconf 90' lang='lat' dir='ltr'>se</span> <span class='ocrx_word' id='word_1_85' title='bbox 919 1507 1040 1570; x_wconf 89' lang='lat' dir='ltr'>habere</span> <span class='ocrx_word' id='word_1_86' title='bbox 1064 1505 1229 1571; x_wconf 81' lang='lat' dir='ltr'>Ciceronis</span> <span class='ocrx_word' id='word_1_87' title='bbox 1256 1506 1322 1571; x_wconf 93' lang='lat' dir='ltr'>iam</span> <span class='ocrx_word' id='word_1_88' title='bbox 1370 1570 1373 1581; x_wconf 86' lang='grc'><strong>,</strong></span> 
     </span>
     <span class='ocr_line' id='line_1_12' title="bbox 211 1612 1321 1699; baseline 0.003 -23"><span class='ocrx_word' id='word_1_89' title='bbox 211 1613 306 1677; x_wconf 92' lang='lat' dir='ltr'>docet</span> <span class='ocrx_word' id='word_1_90' title='bbox 329 1612 546 1678; x_wconf 89' lang='lat' dir='ltr'>testimonium</span> <span class='ocrx_word' id='word_1_91' title='bbox 570 1614 665 1677; x_wconf 89' lang='lat' dir='ltr'>hoce:</span> <span class='ocrx_word' id='word_1_92' title='bbox 699 1636 742 1678; x_wconf 84' lang='lat' dir='ltr'>aa</span> <span class='ocrx_word' id='word_1_93' title='bbox 766 1617 840 1699; x_wconf 82' lang='lat' dir='ltr'>qaia</span> <span class='ocrx_word' id='word_1_94' title='bbox 869 1617 995 1678; x_wconf 80' lang='lat' dir='ltr'>delectat</span> <span class='ocrx_word' id='word_1_95' title='bbox 1021 1615 1144 1679; x_wconf 65' lang='lat' dir='ltr'>malas</span> <span class='ocrx_word' id='word_1_96' title='bbox 1167 1615 1321 1681; x_wconf 78' lang='lat' dir='ltr'>Paconius</span> 
     </span>
     <span class='ocr_line' id='line_1_13' title="bbox 211 1722 1321 1806; baseline 0.001 -21"><span class='ocrx_word' id='word_1_97' title='bbox 211 1723 323 1785; x_wconf 80' lang='lat' dir='ltr'>Accius</span> <span class='ocrx_word' id='word_1_98' title='bbox 359 1723 448 1787; x_wconf 73' lang='lat' dir='ltr'>malti</span> <span class='ocrx_word' id='word_1_99' title='bbox 483 1723 541 1785; x_wconf 83' lang='lat' dir='ltr'>olii</span> <span class='ocrx_word' id='word_1_100' title='bbox 568 1724 622 1806; x_wconf 80' lang='lat' dir='ltr'>qai</span> <span class='ocrx_word' id='word_1_101' title='bbox 658 1743 719 1785; x_wconf 80' lang='lat' dir='ltr'>eoa</span> <span class='ocrx_word' id='word_1_102' title='bbox 755 1722 843 1785; x_wconf 74' lang='lat' dir='ltr'>umba</span> <span class='ocrx_word' id='word_1_103' title='bbox 879 1724 932 1789; x_wconf 80' lang='lat' dir='ltr'>sed</span> <span class='ocrx_word' id='word_1_104' title='bbox 967 1724 1027 1785; x_wconf 80' lang='lat' dir='ltr'>nim</span> <span class='ocrx_word' id='word_1_105' title='bbox 1054 1723 1241 1787; x_wconf 81' lang='lat' dir='ltr'>Graecorum</span> <span class='ocrx_word' id='word_1_106' title='bbox 1273 1745 1321 1787; x_wconf 79' lang='lat' dir='ltr'>ea·</span> 
     </span>
     <span class='ocr_line' id='line_1_14' title="bbox 204 1825 1321 1913; baseline 0.002 -23"><span class='ocrx_word' id='word_1_107' title='bbox 204 1835 383 1911; x_wconf 76' lang='lat' dir='ltr'>presserant</span> <span class='ocrx_word' id='word_1_108' title='bbox 399 1828 590 1913; x_wconf 74' lang='lat' dir='ltr'>poetaram?</span> <span class='ocrx_word' id='word_1_109' title='bbox 611 1825 716 1909; x_wconf 87' lang='lat' dir='ltr'>(acad.</span> <span class='ocrx_word' id='word_1_110' title='bbox 741 1827 766 1906; x_wconf 83' lang='grc' dir='ltr'>Ι,</span> <span class='ocrx_word' id='word_1_111' title='bbox 793 1825 837 1910; x_wconf 85' lang='grc'>3).</span> <span class='ocrx_word' id='word_1_112' title='bbox 877 1825 1033 1890; x_wconf 81' lang='lat' dir='ltr'>Senecam</span> <span class='ocrx_word' id='word_1_113' title='bbox 1055 1825 1089 1889; x_wconf 94' lang='lat' dir='ltr'>in</span> <span class='ocrx_word' id='word_1_114' title='bbox 1111 1825 1321 1892; x_wconf 85' lang='lat' dir='ltr'>instituendis</span> 
     </span>
     <span class='ocr_line' id='line_1_15' title="bbox 210 1932 1321 2015; baseline -0.001 -17"><span class='ocrx_word' id='word_1_115' title='bbox 210 1933 329 1999; x_wconf 86' lang='lat' dir='ltr'>fabulis</span> <span class='ocrx_word' id='word_1_116' title='bbox 357 1932 455 1997; x_wconf 91' lang='lat' dir='ltr'>aliam</span> <span class='ocrx_word' id='word_1_117' title='bbox 484 1952 579 2012; x_wconf 87' lang='lat' dir='ltr'>quarn</span> <span class='ocrx_word' id='word_1_118' title='bbox 602 1937 732 1999; x_wconf 91' lang='lat' dir='ltr'>veteres</span> <span class='ocrx_word' id='word_1_119' title='bbox 764 1933 907 2015; x_wconf 87' lang='lat' dir='ltr'>tragicos</span> <span class='ocrx_word' id='word_1_120' title='bbox 930 1933 1110 2015; x_wconf 89' lang='lat' dir='ltr'>ingressum</span> <span class='ocrx_word' id='word_1_121' title='bbox 1138 1952 1210 1998; x_wconf 87' lang='lat' dir='ltr'>esse</span> <span class='ocrx_word' id='word_1_122' title='bbox 1233 1933 1321 1999; x_wconf 92' lang='lat' dir='ltr'>viam</span> 
     </span>
     <span class='ocr_line' id='line_1_16' title="bbox 211 2039 1320 2120; baseline 0 -15"><span class='ocrx_word' id='word_1_123' title='bbox 211 2040 276 2105; x_wconf 91' lang='lat' dir='ltr'>iam</span> <span class='ocrx_word' id='word_1_124' title='bbox 317 2039 518 2120; x_wconf 75' lang='lat' dir='ltr'>strinximus3</span> <span class='ocrx_word' id='word_1_125' title='bbox 570 2039 787 2119; x_wconf 91' lang='lat' dir='ltr'>quaerendum</span> <span class='ocrx_word' id='word_1_126' title='bbox 828 2039 890 2120; x_wconf 80' lang='lat' dir='ltr'>hic,</span> <span class='ocrx_word' id='word_1_127' title='bbox 933 2058 1091 2118; x_wconf 90' lang='lat' dir='ltr'>quaenam</span> <span class='ocrx_word' id='word_1_128' title='bbox 1133 2039 1199 2105; x_wconf 89' lang='lat' dir='ltr'>sint</span> <span class='ocrx_word' id='word_1_129' title='bbox 1240 2060 1320 2120; x_wconf 90' lang='lat' dir='ltr'>quas</span> 
     </span>
     <span class='ocr_line' id='line_1_17' title="bbox 212 2144 1320 2226; baseline 0.001 -16"><span class='ocrx_word' id='word_1_130' title='bbox 212 2149 340 2210; x_wconf 90' lang='lat' dir='ltr'>secutus</span> <span class='ocrx_word' id='word_1_131' title='bbox 377 2144 421 2209; x_wconf 92' lang='lat' dir='ltr'>sit</span> <span class='ocrx_word' id='word_1_132' title='bbox 451 2146 550 2226; x_wconf 90' lang='lat' dir='ltr'>leges.</span> <span class='ocrx_word' id='word_1_133' title='bbox 597 2145 697 2210; x_wconf 89' lang='lat' dir='ltr'>rediit</span> <span class='ocrx_word' id='word_1_134' title='bbox 727 2163 805 2209; x_wconf 90' lang='lat' dir='ltr'>sane</span> <span class='ocrx_word' id='word_1_135' title='bbox 837 2144 892 2209; x_wconf 92' lang='lat' dir='ltr'>ille</span> <span class='ocrx_word' id='word_1_136' title='bbox 917 2144 958 2210; x_wconf 93' lang='lat' dir='ltr'>ad</span> <span class='ocrx_word' id='word_1_137' title='bbox 983 2145 1136 2226; x_wconf 82' lang='lat' dir='ltr'>Graecos,</span> <span class='ocrx_word' id='word_1_138' title='bbox 1172 2146 1230 2210; x_wconf 89' lang='lat' dir='ltr'>sed</span> <span class='ocrx_word' id='word_1_139' title='bbox 1265 2166 1320 2211; x_wconf 91' lang='lat' dir='ltr'>eos</span> 
     </span>
     <span class='ocr_line' id='line_1_18' title="bbox 209 2250 1319 2332; baseline 0.003 -18"><span class='ocrx_word' id='word_1_140' title='bbox 209 2269 273 2315; x_wconf 93' lang='lat' dir='ltr'>non</span> <span class='ocrx_word' id='word_1_141' title='bbox 295 2250 409 2332; x_wconf 90' lang='lat' dir='ltr'>vertit;</span> <span class='ocrx_word' id='word_1_142' title='bbox 438 2251 532 2315; x_wconf 91' lang='lat' dir='ltr'>immo</span> <span class='ocrx_word' id='word_1_143' title='bbox 557 2251 584 2315; x_wconf 92' lang='lat' dir='ltr'>si</span> <span class='ocrx_word' id='word_1_144' title='bbox 608 2270 676 2315; x_wconf 91' lang='lat' dir='ltr'>rem</span> <span class='ocrx_word' id='word_1_145' title='bbox 700 2270 824 2315; x_wconf 90' lang='lat' dir='ltr'>ornnem</span> <span class='ocrx_word' id='word_1_146' title='bbox 847 2255 976 2331; x_wconf 90' lang='lat' dir='ltr'>spectas</span> <span class='ocrx_word' id='word_1_147' title='bbox 1000 2270 1064 2315; x_wconf 92' lang='lat' dir='ltr'>non</span> <span class='ocrx_word' id='word_1_148' title='bbox 1096 2251 1191 2332; x_wconf 90' lang='lat' dir='ltr'>plura</span> <span class='ocrx_word' id='word_1_149' title='bbox 1214 2253 1255 2316; x_wconf 91' lang='lat' dir='ltr'>ab</span> <span class='ocrx_word' id='word_1_150' title='bbox 1278 2251 1319 2317; x_wconf 90' lang='lat' dir='ltr'>iis</span> 
     </span>
     <span class='ocr_line' id='line_1_19' title="bbox 210 2355 1320 2439; baseline 0.004 -21"><span class='ocrx_word' id='word_1_151' title='bbox 210 2358 374 2421; x_wconf 89' lang='lat' dir='ltr'>mutuatus</span> <span class='ocrx_word' id='word_1_152' title='bbox 403 2374 499 2435; x_wconf 87' lang='lat' dir='ltr'>quarn</span> <span class='ocrx_word' id='word_1_153' title='bbox 529 2361 721 2437; x_wconf 87' lang='lat' dir='ltr'>argumenta</span> <span class='ocrx_word' id='word_1_154' title='bbox 743 2373 845 2421; x_wconf 91' lang='lat' dir='ltr'>novas</span> <span class='ocrx_word' id='word_1_155' title='bbox 868 2355 964 2436; x_wconf 92' lang='lat' dir='ltr'>plane</span> <span class='ocrx_word' id='word_1_156' title='bbox 992 2355 1169 2436; x_wconf 88' lang='lat' dir='ltr'>composuit</span> <span class='ocrx_word' id='word_1_157' title='bbox 1192 2360 1320 2439; x_wconf 90' lang='lat' dir='ltr'>tragoe-</span> 
     </span>
     <span class='ocr_line' id='line_1_20' title="bbox 211 2461 1317 2545; baseline -0.002 -15"><span class='ocrx_word' id='word_1_158' title='bbox 211 2461 282 2530; x_wconf 82' lang='lat' dir='ltr'>dias</span> <span class='ocrx_word' id='word_1_159' title='bbox 319 2463 351 2527; x_wconf 93' lang='lat' dir='ltr'>in</span> <span class='ocrx_word' id='word_1_160' title='bbox 388 2463 500 2542; x_wconf 89' lang='lat' dir='ltr'>quibus</span> <span class='ocrx_word' id='word_1_161' title='bbox 542 2464 623 2528; x_wconf 87' lang='lat' dir='ltr'>artis</span> <span class='ocrx_word' id='word_1_162' title='bbox 660 2462 911 2528; x_wconf 87' lang='lat' dir='ltr'>declamatoriae</span> <span class='ocrx_word' id='word_1_163' title='bbox 953 2481 1108 2528; x_wconf 90' lang='lat' dir='ltr'>summam</span> <span class='ocrx_word' id='word_1_164' title='bbox 1148 2464 1317 2545; x_wconf 81' lang='lat' dir='ltr'>rationem,</span> 
     </span>
     <span class='ocr_line' id='line_1_21' title="bbox 209 2568 1318 2652; baseline 0.003 -20"><span class='ocrx_word' id='word_1_165' title='bbox 209 2568 356 2652; x_wconf 84' lang='lat' dir='ltr'>tragicae</span> <span class='ocrx_word' id='word_1_166' title='bbox 379 2568 447 2634; x_wconf 87' lang='lat' dir='ltr'>fere</span> <span class='ocrx_word' id='word_1_167' title='bbox 470 2570 591 2634; x_wconf 90' lang='lat' dir='ltr'>nullam</span> <span class='ocrx_word' id='word_1_168' title='bbox 614 2571 766 2634; x_wconf 91' lang='lat' dir='ltr'>habebat.</span> <span class='ocrx_word' id='word_1_169' title='bbox 805 2569 894 2634; x_wconf 91' lang='lat' dir='ltr'>cuius</span> <span class='ocrx_word' id='word_1_170' title='bbox 916 2569 965 2633; x_wconf 93' lang='lat' dir='ltr'>rei</span> <span class='ocrx_word' id='word_1_171' title='bbox 989 2588 1112 2634; x_wconf 91' lang='lat' dir='ltr'>omnem</span> <span class='ocrx_word' id='word_1_172' title='bbox 1136 2571 1263 2652; x_wconf 80' lang='lat' dir='ltr'>crdpam</span> <span class='ocrx_word' id='word_1_173' title='bbox 1285 2571 1318 2635; x_wconf 93' lang='lat' dir='ltr'>in</span> 
     </span>
     <span class='ocr_line' id='line_1_22' title="bbox 210 2673 1319 2757; baseline 0.002 -18"><span class='ocrx_word' id='word_1_174' title='bbox 210 2673 366 2740; x_wconf 83' lang='lat' dir='ltr'>Senecam</span> <span class='ocrx_word' id='word_1_175' title='bbox 388 2694 451 2739; x_wconf 93' lang='lat' dir='ltr'>non</span> <span class='ocrx_word' id='word_1_176' title='bbox 476 2675 674 2740; x_wconf 81' lang='lat' dir='ltr'>conferemus</span> <span class='ocrx_word' id='word_1_177' title='bbox 699 2695 769 2740; x_wconf 96' lang='lat' dir='ltr'>cum</span> <span class='ocrx_word' id='word_1_178' title='bbox 792 2674 1029 2740; x_wconf 88' lang='lat' dir='ltr'>meminerimus</span> <span class='ocrx_word' id='word_1_179' title='bbox 1053 2675 1224 2757; x_wconf 87' lang='lat' dir='ltr'>disciplina</span> <span class='ocrx_word' id='word_1_180' title='bbox 1248 2695 1319 2741; x_wconf 92' lang='lat' dir='ltr'>eum</span> 
     </span>
     <span class='ocr_line' id='line_1_23' title="bbox 208 2781 1316 2867; baseline 0.002 -22"><span class='ocrx_word' id='word_1_181' title='bbox 208 2782 372 2846; x_wconf 89' lang='lat' dir='ltr'>rhetorum</span> <span class='ocrx_word' id='word_1_182' title='bbox 409 2782 472 2863; x_wconf 86' lang='lat' dir='ltr'>qui,</span> <span class='ocrx_word' id='word_1_183' title='bbox 510 2788 547 2846; x_wconf 90' lang='lat' dir='ltr'>ut</span> <span class='ocrx_word' id='word_1_184' title='bbox 577 2783 697 2847; x_wconf 88' lang='lat' dir='ltr'>Leonis</span> <span class='ocrx_word' id='word_1_185' title='bbox 733 2782 843 2848; x_wconf 90' lang='lat' dir='ltr'>verbis</span> <span class='ocrx_word' id='word_1_186' title='bbox 876 2782 920 2866; x_wconf 89' lang='lat' dir='ltr'>(p.</span> <span class='ocrx_word' id='word_1_187' title='bbox 956 2781 1032 2867; x_wconf 82' lang='grc'><strong>148)</strong></span> <span class='ocrx_word' id='word_1_188' title='bbox 1064 2801 1115 2846; x_wconf 91' lang='lat' dir='ltr'>me</span> <span class='ocrx_word' id='word_1_189' title='bbox 1148 2782 1316 2864; x_wconf 81' lang='lat' dir='ltr'>applicem,</span> 
     </span>
     <span class='ocr_line' id='line_1_24' title="bbox 208 2887 1317 2971; baseline 0.003 -19"><span class='ocrx_word' id='word_1_190' title='bbox 208 2887 315 2968; x_wconf 92' lang='lat' dir='ltr'>prisca</span> <span class='ocrx_word' id='word_1_191' title='bbox 343 2888 449 2970; x_wconf 92' lang='lat' dir='ltr'>prisco</span> <span class='ocrx_word' id='word_1_192' title='bbox 481 2890 574 2953; x_wconf 91' lang='lat' dir='ltr'>modo</span> <span class='ocrx_word' id='word_1_193' title='bbox 611 2894 758 2954; x_wconf 88' lang='lat' dir='ltr'>tractata</span> <span class='ocrx_word' id='word_1_194' title='bbox 790 2891 1039 2954; x_wconf 87' lang='lat' dir='ltr'>contemnebant</span> <span class='ocrx_word' id='word_1_195' title='bbox 1070 2895 1105 2954; x_wconf 88' lang='lat' dir='ltr'>et</span> <span class='ocrx_word' id='word_1_196' title='bbox 1140 2889 1203 2971; x_wconf 92' lang='lat' dir='ltr'>ipsi</span> <span class='ocrx_word' id='word_1_197' title='bbox 1235 2910 1317 2956; x_wconf 91' lang='lat' dir='ltr'>novo</span> 
     </span>
     <span class='ocr_line' id='line_1_25' title="bbox 207 2980 1315 3078; baseline 0.005 -21"><span class='ocrx_word' id='word_1_198' title='bbox 207 2993 420 3060; x_wconf 90' lang='lat' dir='ltr'>instrumento</span> <span class='ocrx_word' id='word_1_199' title='bbox 440 3015 555 3061; x_wconf 91' lang='lat' dir='ltr'>novum</span> <span class='ocrx_word' id='word_1_200' title='bbox 576 2996 727 3075; x_wconf 85' lang='lat' dir='ltr'>quiddam</span> <span class='ocrx_word' id='word_1_201' title='bbox 746 2995 892 3077; x_wconf 83' lang='lat' dir='ltr'>proferre</span> <span class='ocrx_word' id='word_1_202' title='bbox 911 2996 1073 3078; x_wconf 82' lang='lat' dir='ltr'>volebant,</span> <span class='ocrx_word' id='word_1_203' title='bbox 1094 2980 1157 3060; x_wconf 86' lang='lat' dir='ltr'>iarn</span> <span class='ocrx_word' id='word_1_204' title='bbox 1178 3017 1197 3061; x_wconf 96' lang='lat' dir='ltr'>a</span> <span class='ocrx_word' id='word_1_205' title='bbox 1216 3017 1315 3078; x_wconf 90' lang='lat' dir='ltr'>puero</span> 
     </span>
     <span class='ocr_line' id='line_1_26' title="bbox 206 3099 1316 3182; baseline 0.003 -17"><span class='ocrx_word' id='word_1_206' title='bbox 206 3099 361 3166; x_wconf 90' lang='lat' dir='ltr'>imbutum</span> <span class='ocrx_word' id='word_1_207' title='bbox 383 3100 493 3166; x_wconf 85' lang='lat' dir='ltr'>fuisse.</span> <span class='ocrx_word' id='word_1_208' title='bbox 540 3103 602 3166; x_wconf 91' lang='lat' dir='ltr'>huc</span> <span class='ocrx_word' id='word_1_209' title='bbox 634 3102 761 3169; x_wconf 87' lang='lat' dir='ltr'>accedit</span> <span class='ocrx_word' id='word_1_210' title='bbox 793 3103 877 3182; x_wconf 91' lang='lat' dir='ltr'>quod</span> <span class='ocrx_word' id='word_1_211' title='bbox 909 3101 974 3166; x_wconf 88' lang='lat' dir='ltr'>iarn</span> <span class='ocrx_word' id='word_1_212' title='bbox 1007 3107 1105 3166; x_wconf 87' lang='lat' dir='ltr'>antea</span> <span class='ocrx_word' id='word_1_213' title='bbox 1136 3102 1316 3168; x_wconf 83' lang='lat' dir='ltr'>extiterant</span> 
     </span>
     <span class='ocr_line' id='line_1_27' title="bbox 208 3205 1314 3290; baseline 0.004 -20"><span class='ocrx_word' id='word_1_214' title='bbox 208 3205 262 3286; x_wconf 92' lang='lat' dir='ltr'>qui</span> <span class='ocrx_word' id='word_1_215' title='bbox 286 3207 433 3288; x_wconf 90' lang='lat' dir='ltr'>exempla</span> <span class='ocrx_word' id='word_1_216' title='bbox 457 3208 646 3290; x_wconf 85' lang='lat' dir='ltr'>tragoediae</span> <span class='ocrx_word' id='word_1_217' title='bbox 670 3227 754 3274; x_wconf 89' lang='lat' dir='ltr'>nova</span> <span class='ocrx_word' id='word_1_218' title='bbox 778 3209 820 3273; x_wconf 89' lang='lat' dir='ltr'>ad</span> <span class='ocrx_word' id='word_1_219' title='bbox 838 3214 1015 3290; x_wconf 88' lang='lat' dir='ltr'>praecepta</span> <span class='ocrx_word' id='word_1_220' title='bbox 1033 3208 1314 3274; x_wconf 82' lang='lat' dir='ltr'>transformandae</span> 
     </span>
     <span class='ocr_line' id='line_1_28' title="bbox 207 3311 1313 3394; baseline 0.003 -19"><span class='ocrx_word' id='word_1_221' title='bbox 207 3313 364 3392; x_wconf 90' lang='lat' dir='ltr'>praebere</span> <span class='ocrx_word' id='word_1_222' title='bbox 393 3311 600 3394; x_wconf 79' lang='lat' dir='ltr'>incepissent,</span> <span class='ocrx_word' id='word_1_223' title='bbox 633 3313 766 3378; x_wconf 88' lang='lat' dir='ltr'>Varium</span> <span class='ocrx_word' id='word_1_224' title='bbox 796 3313 867 3378; x_wconf 89' lang='lat' dir='ltr'>dico</span> <span class='ocrx_word' id='word_1_225' title='bbox 907 3312 1117 3394; x_wconf 88' lang='lat' dir='ltr'>inprimisque</span> <span class='ocrx_word' id='word_1_226' title='bbox 1154 3313 1313 3379; x_wconf 89' lang='lat' dir='ltr'>Ovidium.</span> 
     </span>
     <span class='ocr_line' id='line_1_29' title="bbox 208 3418 1316 3504; baseline 0.003 -19"><span class='ocrx_word' id='word_1_227' title='bbox 208 3418 332 3485; x_wconf 89' lang='lat' dir='ltr'>Seneca</span> <span class='ocrx_word' id='word_1_228' title='bbox 361 3439 438 3487; x_wconf 91' lang='lat' dir='ltr'>vero</span> <span class='ocrx_word' id='word_1_229' title='bbox 475 3421 509 3486; x_wconf 90' lang='lat' dir='ltr'>id</span> <span class='ocrx_word' id='word_1_230' title='bbox 546 3423 630 3501; x_wconf 93' lang='lat' dir='ltr'>quod</span> <span class='ocrx_word' id='word_1_231' title='bbox 666 3422 714 3487; x_wconf 88' lang='lat' dir='ltr'>illi</span> <span class='ocrx_word' id='word_1_232' title='bbox 749 3422 984 3488; x_wconf 88' lang='lat' dir='ltr'>incohaverant</span> <span class='ocrx_word' id='word_1_233' title='bbox 1015 3422 1064 3486; x_wconf 91' lang='lat' dir='ltr'>ita</span> <span class='ocrx_word' id='word_1_234' title='bbox 1094 3422 1242 3504; x_wconf 83' lang='lat' dir='ltr'>perfecit,</span> <span class='ocrx_word' id='word_1_235' title='bbox 1279 3429 1316 3488; x_wconf 91' lang='lat' dir='ltr'>ut</span> 
     </span>
     <span class='ocr_line' id='line_1_30' title="bbox 207 3527 1313 3609; baseline 0.004 -19"><span class='ocrx_word' id='word_1_236' title='bbox 207 3531 311 3592; x_wconf 90' lang='lat' dir='ltr'>artem</span> <span class='ocrx_word' id='word_1_237' title='bbox 335 3527 495 3609; x_wconf 81' lang='lat' dir='ltr'>tragicam</span> <span class='ocrx_word' id='word_1_238' title='bbox 519 3528 748 3593; x_wconf 90' lang='lat' dir='ltr'>declamatorio</span> <span class='ocrx_word' id='word_1_239' title='bbox 772 3528 844 3593; x_wconf 84' lang='lat' dir='ltr'>fuco</span> <span class='ocrx_word' id='word_1_240' title='bbox 868 3547 970 3609; x_wconf 88' lang='lat' dir='ltr'>paene</span> <span class='ocrx_word' id='word_1_241' title='bbox 995 3527 1172 3593; x_wconf 88' lang='lat' dir='ltr'>extinctam</span> <span class='ocrx_word' id='word_1_242' title='bbox 1191 3528 1313 3595; x_wconf 80' lang='lat' dir='ltr'>videas,</span> 
     </span>
     <span class='ocr_line' id='line_1_31' title="bbox 207 3633 1315 3716; baseline 0.003 -18"><span class='ocrx_word' id='word_1_243' title='bbox 207 3652 267 3698; x_wconf 88' lang='lat' dir='ltr'>neo</span> <span class='ocrx_word' id='word_1_244' title='bbox 302 3633 405 3698; x_wconf 90' lang='lat' dir='ltr'>minus</span> <span class='ocrx_word' id='word_1_245' title='bbox 441 3634 561 3699; x_wconf 89' lang='lat' dir='ltr'>rationi</span> <span class='ocrx_word' id='word_1_246' title='bbox 592 3641 625 3699; x_wconf 91' lang='lat' dir='ltr'>et</span> <span class='ocrx_word' id='word_1_247' title='bbox 661 3635 822 3701; x_wconf 90' lang='lat' dir='ltr'>voluntati</span> <span class='ocrx_word' id='word_1_248' title='bbox 850 3640 1029 3716; x_wconf 89' lang='lat' dir='ltr'>temporum</span> <span class='ocrx_word' id='word_1_249' title='bbox 1060 3635 1256 3700; x_wconf 86' lang='lat' dir='ltr'>rhetoricum</span> <span class='ocrx_word' id='word_1_250' title='bbox 1279 3644 1315 3701; x_wconf 87' lang='lat' dir='ltr'>ut</span> 
     </span>
     <span class='ocr_line' id='line_1_32' title="bbox 206 3739 1315 3824; baseline 0.003 -20"><span class='ocrx_word' id='word_1_251' title='bbox 206 3739 264 3805; x_wconf 81' lang='lat' dir='ltr'>ita·</span> <span class='ocrx_word' id='word_1_252' title='bbox 278 3739 384 3805; x_wconf 88' lang='lat' dir='ltr'>dicam</span> <span class='ocrx_word' id='word_1_253' title='bbox 406 3746 518 3824; x_wconf 87' lang='lat' dir='ltr'>typum</span> <span class='ocrx_word' id='word_1_254' title='bbox 541 3761 621 3822; x_wconf 90' lang='lat' dir='ltr'>prae</span> <span class='ocrx_word' id='word_1_255' title='bbox 646 3761 680 3807; x_wconf 88' lang='lat' dir='ltr'>se</span> <span class='ocrx_word' id='word_1_256' title='bbox 703 3741 875 3806; x_wconf 82' lang='lat' dir='ltr'>ferentium</span> <span class='ocrx_word' id='word_1_257' title='bbox 900 3742 1059 3823; x_wconf 82' lang='lat' dir='ltr'>convenit,</span> <span class='ocrx_word' id='word_1_258' title='bbox 1083 3747 1121 3807; x_wconf 89' lang='lat' dir='ltr'>ut</span> <span class='ocrx_word' id='word_1_259' title='bbox 1140 3742 1263 3807; x_wconf 88' lang='lat' dir='ltr'>Seneca</span> <span class='ocrx_word' id='word_1_260' title='bbox 1282 3744 1315 3808; x_wconf 92' lang='lat' dir='ltr'>in</span> 
     </span>
     <span class='ocr_line' id='line_1_33' title="bbox 207 3848 1314 3932; baseline 0.003 -19"><span class='ocrx_word' id='word_1_261' title='bbox 207 3848 407 3931; x_wconf 83' lang='lat' dir='ltr'>argumentis</span> <span class='ocrx_word' id='word_1_262' title='bbox 429 3849 509 3930; x_wconf 90' lang='lat' dir='ltr'>ipsis</span> <span class='ocrx_word' id='word_1_263' title='bbox 524 3850 682 3932; x_wconf 84' lang='lat' dir='ltr'>eligendis</span> <span class='ocrx_word' id='word_1_264' title='bbox 700 3850 771 3916; x_wconf 92' lang='lat' dir='ltr'>vias</span> <span class='ocrx_word' id='word_1_265' title='bbox 791 3853 831 3915; x_wconf 90' lang='lat' dir='ltr'>ab</span> <span class='ocrx_word' id='word_1_266' title='bbox 851 3851 992 3931; x_wconf 86' lang='lat' dir='ltr'>antiquis</span> <span class='ocrx_word' id='word_1_267' title='bbox 1007 3850 1142 3932; x_wconf 88' lang='lat' dir='ltr'>tragicis</span> <span class='ocrx_word' id='word_1_268' title='bbox 1161 3851 1314 3916; x_wconf 91' lang='lat' dir='ltr'>Romanis</span> 
     </span>
     <span class='ocr_line' id='line_1_34' title="bbox 206 3954 1314 4037; baseline 0.002 -17"><span class='ocrx_word' id='word_1_269' title='bbox 206 3954 304 4021; x_wconf 87' lang='lat' dir='ltr'>tritas</span> <span class='ocrx_word' id='word_1_270' title='bbox 340 3955 538 4036; x_wconf 86' lang='lat' dir='ltr'>relinqueret</span> <span class='ocrx_word' id='word_1_271' title='bbox 575 3997 614 4003; x_wconf 92' lang='lat'>—</span> <span class='ocrx_word' id='word_1_272' title='bbox 653 3978 727 4023; x_wconf 90' lang='lat' dir='ltr'>nam</span> <span class='ocrx_word' id='word_1_273' title='bbox 769 3957 839 4037; x_wconf 93' lang='lat' dir='ltr'>quis</span> <span class='ocrx_word' id='word_1_274' title='bbox 881 3958 1007 4024; x_wconf 91' lang='lat' dir='ltr'>illorum</span> <span class='ocrx_word' id='word_1_275' title='bbox 1044 3958 1216 4022; x_wconf 91' lang='lat' dir='ltr'>Herculem</span> <span class='ocrx_word' id='word_1_276' title='bbox 1258 3963 1314 4023; x_wconf 89' lang='lat' dir='ltr'>aut</span> 
     </span>
     <span class='ocr_line' id='line_1_35' title="bbox 205 4058 1314 4146; baseline 0.001 -20"><span class='ocrx_word' id='word_1_277' title='bbox 205 4058 392 4143; x_wconf 84' lang='lat' dir='ltr'>Furentem,</span> <span class='ocrx_word' id='word_1_278' title='bbox 422 4067 459 4127; x_wconf 89' lang='lat' dir='ltr'>ut</span> <span class='ocrx_word' id='word_1_279' title='bbox 491 4063 625 4127; x_wconf 90' lang='lat' dir='ltr'>solemni</span> <span class='ocrx_word' id='word_1_280' title='bbox 658 4063 845 4146; x_wconf 87' lang='lat' dir='ltr'>cognomine</span> <span class='ocrx_word' id='word_1_281' title='bbox 875 4068 959 4146; x_wconf 82' lang='lat' dir='ltr'>utar,</span> <span class='ocrx_word' id='word_1_282' title='bbox 992 4068 1049 4128; x_wconf 90' lang='lat' dir='ltr'>aut</span> <span class='ocrx_word' id='word_1_283' title='bbox 1072 4063 1230 4128; x_wconf 90' lang='lat' dir='ltr'>Oetaeum</span> <span class='ocrx_word' id='word_1_284' title='bbox 1262 4063 1314 4129; x_wconf 94' lang='lat' dir='ltr'>vel</span> 
     </span>
     <span class='ocr_line' id='line_1_36' title="bbox 205 4169 1314 4252; baseline 0.003 -20"><span class='ocrx_word' id='word_1_285' title='bbox 205 4169 388 4233; x_wconf 90' lang='lat' dir='ltr'>Phaedram</span> <span class='ocrx_word' id='word_1_286' title='bbox 425 4170 478 4236; x_wconf 95' lang='lat' dir='ltr'>vel</span> <span class='ocrx_word' id='word_1_287' title='bbox 510 4169 667 4252; x_wconf 91' lang='lat' dir='ltr'>Oedipum</span> <span class='ocrx_word' id='word_1_288' title='bbox 700 4171 815 4235; x_wconf 92' lang='lat' dir='ltr'>docere</span> <span class='ocrx_word' id='word_1_289' title='bbox 845 4190 941 4236; x_wconf 88' lang='lat' dir='ltr'>ausus</span> <span class='ocrx_word' id='word_1_290' title='bbox 974 4172 1051 4235; x_wconf 81' lang='lat' dir='ltr'>est?</span> <span class='ocrx_word' id='word_1_291' title='bbox 1090 4189 1129 4234; x_wconf 92' lang='lat' dir='ltr'>ac</span> <span class='ocrx_word' id='word_1_292' title='bbox 1165 4188 1205 4235; x_wconf 90' lang='lat' dir='ltr'>ne</span> <span class='ocrx_word' id='word_1_293' title='bbox 1244 4170 1314 4249; x_wconf 92' lang='lat' dir='ltr'>quis</span> 
     </span>
     <span class='ocr_line' id='line_1_37' title="bbox 207 4263 1363 4365; baseline 0 -25"><span class='ocrx_word' id='word_1_294' title='bbox 207 4272 296 4344; x_wconf 90' lang='lat' dir='ltr'>dicat</span> <span class='ocrx_word' id='word_1_295' title='bbox 331 4274 430 4346; x_wconf 83' lang='lat' dir='ltr'>Ennii</span> <span class='ocrx_word' id='word_1_296' title='bbox 465 4275 659 4341; x_wconf 89' lang='lat' dir='ltr'>Phoenicem</span> <span class='ocrx_word' id='word_1_297' title='bbox 695 4275 821 4365; x_wconf 89' lang='lat' dir='ltr'>pariter</span> <span class='ocrx_word' id='word_1_298' title='bbox 862 4296 900 4348; x_wconf 85' lang='lat' dir='ltr'>ac</span> <span class='ocrx_word' id='word_1_299' title='bbox 936 4275 1119 4348; x_wconf 85' lang='lat' dir='ltr'>Phaedram</span> <span class='ocrx_word' id='word_1_300' title='bbox 1156 4275 1313 4347; x_wconf 90' lang='lat' dir='ltr'>incestum</span> <span class='ocrx_word' id='word_1_301' title='bbox 1360 4263 1363 4270; x_wconf 46' lang='lat'><strong>⁴</strong></span> 
     </span>
    </p>
   </div>
   <div class='ocr_carea' id='block_1_5' title="bbox 0 0 1530 4882">
    <p class='ocr_par' dir='ltr' id='par_1_5' title="bbox 0 0 1530 4882">
     <span class='ocr_line' id='line_1_38' title="bbox 0 0 1530 4882; baseline 0 4"><span class='ocrx_word' id='word_1_302' title='bbox 0 0 1530 4882; x_wconf 95' lang='lat' dir='ltr'> </span> 
     </span>
    </p>
   </div>
  </div>
 </body>
</html>
