3052 4882
1263 338 1313 405 59

312 540 463 605 Enniana
483 541 643 622 Thyestes
667 540 743 620 quin
766 559 805 604 61
824 540 996 622 Euripidia
1019 541 1117 606 ducta
1140 541 1318 606 116111111

208 646 356 725 cuiquam
379 647 508 711 dubium
532 666 603 711 6666
626 651 744 728 potest.
770 667 844 710 nam
866 646 929 711 fuit
951 647 1076 711 Ennius
1099 646 1133 711 in
1155 646 1317 728 plerisque

208 752 386 833 tragoediis
408 757 567 831 tamquam
587 752 753 834 Euripidis
772 753 935 834 interpres
954 752 1071 834 quippe
1092 772 1184 832 quem
1204 756 1318 834 aperte

208 857 353 923 imitatus
394 858 436 922 sit
478 859 512 922 in
553 860 663 923 decem
708 860 889 942 tragoediis
935 860 1039 925 hisce:
1098 859 1316 941 Andromeda,

208 966 355 1046 Hecuba,
401 964 572 1046 Iphigenia
617 964 735 1047 Aulio,
782 966 899 1030 Medea
944 967 1064 1047 Exule,
1119 966 1316 1047 Melanippa,

209 1072 360 1153 Telephe,
394 1071 590 1153 Alexandro,
623 1072 818 1153 Erechtheo,
851 1072 1023 1153 Phoenice,
1056 1072 1250 1137 Alcumeone
1283 1076 1318 1136 et

208 1176 427 1242 verisimiliter
445 1177 479 1241 in
497 1177 723 1243 Andromacha
741 1178 919 1258 Aechmal,
940 1176 1180 1263 (lresphonte,¹)
1201 1179 1318 1243 Medea

209 1283 263 1368 (61
285 1283 397 1365 Aegeo
407 1283 441 1367 1)
464 1283 663 1348 Athamante
687 1284 753 1369 (1);
780 1285 968 1366 Sophoclem
992 1286 1091 1349 semel
1115 1290 1245 1350 secutus
1268 1289 1320 1349 est

208 1390 241 1454 in
255 1390 355 1455 Aiace
376 1427 416 1435 —
436 1410 509 1454 nam
529 1391 568 1454 de
587 1391 739 1455 Hectoris
758 1391 853 1456 lutris
872 1390 926 1475 (61
946 1391 1042 1472 Soph.
1062 1391 1246 1474 Phrygibus
1265 1392 1317 1456 vel

209 1497 290 1560 alius
327 1495 504 1577 cuiuspiam
540 1495 661 1577 fabula,
699 1497 754 1562 vix
787 1497 998 1578 probabiliter
1026 1497 1142 1562 Aesch.
1166 1497 1317 1562 Hectoris

208 1601 317 1686 lutris)
341 1602 420 1666 nihil
444 1602 508 1666 diei
531 1607 640 1683 potest
664 1625 721 1684 -3
755 1603 950 1686 Aeschylum
972 1604 1006 1669 in
1028 1604 1259 1669 Eumenidibus
1284 1609 1318 1668 et

208 1709 347 1773 16116666
383 1708 416 1773 in
452 1709 592 1791 Nemea,
631 1729 704 1773 num
740 1710 930 1775 recentioris
967 1711 1139 1776 cuiuslibet
1176 1709 1317 1774 fabulam

208 1820 340 1897 praeter
369 1816 527 1881 Achillem
567 1817 737 1897 repetierit
776 1817 810 1881 in
842 1817 937 1881 dubio
969 1816 1187 1896 relinquimus.
1235 1835 1317 1896 quae

210 1943 279 1988 cum
297 1923 345 1987 ita
365 1922 439 2004 sint,
465 1922 708 2004 probabilitatis
731 1923 876 1988 rationes
900 1923 1076 2005 postulant,
1101 1928 1138 1988 ut
1157 1925 1317 2005 Thyestes

209 2049 272 2093 non
296 2029 338 2094 ad
362 2029 572 2110 Sophocleam
596 2030 734 2097 aliamve
758 2030 961 2112 tragoediam
983 2029 1156 2111 1616161111,
1185 2030 1243 2095 sed
1275 2029 1318 2094 ad

209 2135 421 2216 Euripidiam.
468 2136 597 2200 accedit
633 2135 720 2201 aliud
758 2141 989 2218 argumentum.
1037 2156 1107 2201 cum
1138 2135 1317 2202 Ribbeckio

210 2247 333 2307 certum
368 2243 460 2307 nobis
496 2242 625 2308 videtur
662 2247 696 2308 et
728 2244 929 2324 exploratum
961 2243 995 2307 in
1013 2221 1138 2308 'tabula
1166 2242 1318 2307 Enniana

210 2349 375 2430 Thyesten
416 2354 622 2429 personatum
655 2350 754 2430 ultro,
785 2369 848 2414 non
877 2352 918 2414 ab
950 2350 1048 2414 Atreo
1079 2350 1254 2416 invitatum
1284 2348 1317 2413 in

209 2455 349 2536 patriam
379 2455 524 2537 rediisse,
558 2460 594 2520 ut
623 2456 742 2520 nemini
765 2460 860 2521 notus
891 2455 988 2520 fratri
1014 2456 1150 2521 insidias
1173 2459 1317 2537 pararet,

211 2562 251 2626 61.
276 2561 337 2644 frg.
365 2568 399 2626 l:
436 2565 489 2628 scd
516 2587 562 2627 mc
592 2566 701 2648 Apollo
731 2562 807 2650 (ipse
835 2564 855 2626 l.
884 2586 934 2649 spo
960 2562 1163 2647 Buecheler.)
1196 2565 1320 2628 delectat

826 2672 953 2748 [lactat]
975 2674 1079 2735 ductat
1101 2671 1274 2755 Delphicus

210 2775 273 2856 frg.
299 2780 332 2839 5:
357 2778 511 2861 impetrem
533 2778 587 2859 foc
605 2779 655 2841 ille
673 2779 711 2841 ab
730 2780 888 2842 6111111661
908 2779 1151 2842 66166161161611
1170 2779 1318 2862 adipeam,

211 2880 265 2946 ubi
301 2881 415 2946 ultima
446 2901 510 2947 vox
543 2901 563 2946 a
594 2882 773 2947 Ribbeckio
803 2881 958 2947 restituta
992 2887 1051 2963 est,
1088 2902 1159 2946 meo
1192 2881 1320 2961 quidem

211 2988 328 3052 iudicio
360 3006 491 3068 prorsus
522 2991 630 3069 16616;
669 2992 705 3052 11
737 2993 855 3071 autem,
893 2989 921 3053 si
957 2989 1061 3053 minus
1093 2991 1219 3070 probes
1257 3007 1320 3053 non

211 3094 404 3159 infitiaberis
433 3095 582 3160 debuisse
613 3096 728 3160 saltem
760 3095 825 3160 dici
856 3114 985 3161 versum
1006 3095 1097 3159 illum
1120 3115 1140 3159 a
1164 3095 1318 3176 Thyesta.

212 3200 274 3282 frg.
308 3206 343 3265 3:
381 3224 543 3287 qumanana
572 3211 598 3267 lc
630 3225 689 3267 ease
720 3205 823 3267 dicum
853 3205 906 3288 qai
928 3206 1023 3267 turdo
1046 3205 1080 3266 ic
1103 3210 1227 3266 senecta.
1260 3202 1321 3266 hoc

212 3326 308 3372 versu
338 3326 358 3371 a
380 3308 557 3389 Mycenaeo
582 3308 719 3388 quodam
742 3309 902 3390 Thyestes
927 3307 998 3387 quis
1021 3307 1066 3372 sit
1088 3307 1319 3389 interrogatur.

212 3413 360 3477 nimirum
392 3433 455 3478 non
486 3414 616 3479 miseria
648 3418 683 3479 61
714 3419 880 3480 661661116
913 3415 995 3478 adeo
1020 3413 1185 3479 confectus
1212 3417 1322 3479 estut

212 3539 253 3584 ne
271 3520 441 3602 Mycenaei
460 3521 588 3600 quidem
607 3540 679 3585 eum
698 3526 886 3604 agnoscant,
906 3521 1001 3585 immo
1016 3521 1161 3586 consulto
1175 3519 1321 3585 habitum

212 3626 362 3693 11116111.
387 3664 427 3672 -
453 3627 537 3706 quod
559 3627 645 3692 idem
672 3629 712 3692 ab
736 3627 893 3708 Euripide
916 3630 1199 3709 repraesentatum
1221 3625 1321 3691 fuisse

213 3732 386 3815 conligitur
400 3752 440 3798 61
453 3733 619 3814 Aristoph.
635 3733 775 3798 Acharn.
790 3738 872 3799 432:
892 3732 920 3798 ὠ
934 3740 997 3806 παῖ,
1012 3734 1066 3804 ὂὸς
1080 3735 1165 3816 αὐτῷ
1181 3733 1321 3816 Τηλέφου

214 3840 393 3920 ῥακώματα.
415 3839 427 3923 s
449 3847 542 3903 κεῖται
568 3841 722 3904 δ’ἄνωθεν
752 3846 815 3903 τῶν
846 3839 1015 3904 Θυεστείων
1041 3839 1188 3924 §nadal
1209 3839 1322 3922 μεταξὺ
1411 3918 1417 3934 ⁸

322 4101 342 4169 ¹)
361 4101 406 4169 qui
424 4103 537 4157 maxime
556 4104 664 4158 obstant
682 4120 774 4158 versus
793 4105 856 4173 (hg.
876 4106 892 4156 3
911 4121 936 4158 v.
952 4106 1002 4157 115
1021 4106 1071 4172 sq.)
1091 4103 1229 4170 quominus
1243 4102 1323 4156 istam

214 4189 331 4242 1611116111
349 4191 384 4243 ad
402 4190 557 4258 Euripidem
575 4192 722 4245 referamus
740 4194 775 4246 ad
793 4193 955 4246 comoediam
974 4192 1090 4260 adquam
1111 4208 1156 4246 666
1174 4191 1322 4249 reiciendus

216 4293 273 4332 6666
292 4278 442 4346 suspicatus
460 4285 503 4336 est
521 4280 746 4336 Wilamowitzius
764 4281 842 4335 Auel.
861 4282 926 4338 Eur.
944 4298 969 4353 p.
990 4283 1040 4335 155
1059 4281 1119 4335 adn.
1139 4283 1163 4340 5.
