3052 4882
252 342 301 408 46

251 545 384 611 Accium
408 544 606 627 expressisse
629 543 772 610 fabulam
790 542 928 608 Liuiano
953 542 1130 624 exemplari
1152 541 1186 606 in
1210 561 1246 607 00
1271 545 1359 606 certe

251 652 387 717 similem
411 652 495 731 quod
512 651 648 716 Electra
671 650 807 732 accedit,
831 669 943 716 verum
967 654 1076 715 tamen
1098 669 1193 714 unam
1214 651 1360 715 eandem-

252 777 313 838 que
342 758 451 840 fuisse,
481 761 519 823 ut
541 759 745 822 Ducntzerus
774 758 795 821 1.
820 775 846 821 c.
870 777 901 838 p.
928 762 967 820 25
1000 755 1127 837 statuit,
1165 775 1257 820 nemo
1284 755 1360 821 inde

252 864 403 948 colligere
447 868 590 929 conetur.
624 903 664 908 —
705 863 934 944 quaerentibus
971 881 1049 928 vcro
1085 862 1176 927 nobis
1213 861 1359 942 quisnam

252 973 448 1038 Graecorum
479 969 602 1052 primus
633 970 835 1050 praeclaram
867 968 1009 1033 fabulam
1040 967 1255 1050 Aeschyleam
1277 987 1359 1035 novo

253 1082 363 1145 aratro
387 1077 568 1160 iteraverit,
592 1078 713 1142 nullum
735 1096 923 1159 responsum
953 1076 1045 1156 quasi
1072 1077 1179 1142 lumen
1202 1076 1236 1142 in
1265 1081 1360 1143 tanta

252 1204 359 1251 rerum
373 1184 572 1249 obscuritate
592 1182 701 1248 afferri
719 1187 838 1265 potest.
863 1202 941 1247 sane
964 1182 1028 1247 fuit
1050 1182 1211 1247 recentior
1231 1183 1360 1263 quidam

251 1295 359 1374 poeta,
380 1310 449 1355 curn
462 1290 629 1355 Electram
648 1289 813 1355 addiderit
832 1308 926 1368 quam
944 1288 978 1353 10
997 1307 1147 1354 scaenam
1166 1289 1362 1354 induxerunt

251 1395 426 1477 Euripides
459 1399 493 1460 01
525 1395 708 1477 Sophocles
747 1393 787 1459 cf.
819 1393 1038 1460 Wilamovita
1072 1395 1112 1458 00
1148 1393 1291 1459 Electris
1327 1393 1361 1458 in

252 1502 393 1567 Hermae
430 1502 492 1568 vol.
530 1501 652 1564 XVIH.
690 1520 721 1581 p.
761 1505 825 1565 214
862 1498 939 1585 sol)
976 1504 1011 1564 01
1048 1500 1090 1564 00
1120 1501 1205 1564 hanc
1237 1519 1360 1580 000000

252 1610 419 1674 Electram
454 1606 633 1690 pertinebit
674 1607 757 1686 qnod
800 1608 840 1672 00
876 1607 1008 1686 reliquis
1044 1607 1153 1689 posuit
1188 1607 1273 1672 idem
1309 1606 1361 1673 vir

254 1718 367 1782 doctus
396 1737 427 1798 p.
460 1721 532 1801 235,
566 1715 691 1780 scilicet
723 1734 794 1779 eam
822 1715 963 1779 effictam
992 1734 1063 1780 0000
1093 1734 1111 1779 0
1142 1712 1360 1800 8001001002)

254 1824 443 1906 Sophoclem
474 1842 551 1889 vero
583 1822 687 1904 ipsum
718 1822 910 1904 Aegisthum
942 1821 1110 1904 scripsisse
1141 1823 1237 1888 hodie
1269 1842 1361 1887 nemo

254 1930 368 1995 doctus
392 1928 551 2010 opinatur,
584 1928 659 2007 quia
683 1929 764 1993 satis
788 1932 918 1993 constat
941 1948 1011 1994 eum
1035 1929 1115 1993 illud
1138 1933 1361 2010 argumentum

255 2041 331 2101 ante
349 2037 516 2101 Electram
534 2054 598 2099 non
617 2039 779 2100 tractasse
799 2039 833 2099 ct
850 2036 994 2117 Hesychi
1012 2036 1153 2118 glossam
1177 2039 1362 2117 corruptam

254 2163 326 2208 0000
355 2143 408 2209 001
438 2141 545 2223 001100
573 2141 720 2206 mutilam
752 2140 863 2226 (Soph.
887 2141 949 2224 frg.
979 2141 1146 2206 10005οι
1176 2142 1317 2225 Hesych.
1344 2147 1359 2205 1

1165 2252 1218 2314 rico

255 2361 286 2423 p.
324 2345 403 2404 561:
449 2340 620 2422 01000μο10·
663 2340 873 2421 ἀσυμφώνων.
909 2339 1078 2423 Σοφοκλῆς
1118 2342 1181 2422 αἶγί
1217 2338 1363 2425 ).0110

255 2450 425 2529 poetarum
456 2445 680 2511 fabularumve
711 2445 840 2510 nomina
872 2464 954 2524 qnae
985 2446 1055 2510 iure
1083 2447 1146 2510 huc
1176 2445 1364 2527 pertincant

256 2571 319 2617 non
342 2555 474 2634 extant,
507 2551 541 2615 id
572 2551 672 2615 solum
697 2569 943 2615 commemorare
958 2550 1044 2621 ¹mihi
1066 2551 1144 2615 licet
1170 2551 1257 2616 illius
1279 2551 1364 2634 Aga-

256 2659 431 2726 memnonis
473 2659 684 2724 didascaliam
725 2656 820 2742 (ctu.
853 2659 887 2722 H
924 2666 942 2723 2
972 2678 1003 2723 n.
1037 2665 1100 2725 972
1132 2680 1162 2725 0.
1198 2659 1231 2745 5)
1270 2679 1363 2739 quam

257 2769 448 2834 Welckerus
471 2788 501 2848 p.
525 2772 606 2830 1005
631 2766 795 2831 Boeckhio
814 2762 975 2851 auctore³)
1000 2766 1048 2831 Ol.
1071 2773 1144 2848 108,
1170 2773 1188 2830 3
1208 2765 1366 2831 adscribit

257 2873 438 2956 ponendam
463 2891 533 2937 esse
557 2871 591 2936 10
614 2871 663 2936 01.
689 2877 740 2952 00,
767 2878 783 2936 1
815 2869 903 2956 (0100
927 2872 1122 2938 Kochlerum
1145 2872 1165 2936 l.
1191 2871 1244 2957 0.).

363 2979 438 3043 Jam
479 2977 646 3044 01000000
687 2976 763 3055 0010
803 2996 843 3042 cx
884 2978 925 3042 iis
962 2997 1043 3057 qnae
1085 2978 1288 3060 exposuimus
1324 2979 1365 3043 de

258 3083 382 3149 Seneca
406 3082 657 3148 concludendum
680 3081 731 3146 sit.
777 3082 924 3148 imitatus
952 3088 1003 3148 est
1026 3083 1080 3148 1110
1103 3083 1257 3165 Aeschyli
1280 3084 1365 3165 Aga·

258 3206 465 3268 memnonem,
491 3186 657 3268 discrepat
681 3190 786 3250 autem
812 3206 881 3252 cum
907 3206 946 3252 00
977 3188 1011 3252 10
1034 3188 1189 3270 gravibus
1212 3190 1309 3253 rebus
1331 3187 1365 3252 in

259 3294 371 3374 quibus
395 3313 466 3359 cum
488 3292 576 3358 Livii
598 3291 799 3374 potissimum
822 3292 934 3358 fabula
958 3294 1129 3358 000000111.
1154 3295 1188 3359 10
1206 3313 1270 3359 000
1289 3312 1366 3359 0000

257 3404 379 3470 factum
420 3422 491 3468 esse
532 3402 629 3467 facile
670 3402 880 3485 perspicitur,
926 3403 1021 3468 immo
1068 3409 1190 3470 certum
1236 3404 1366 3470 videtur

366 3579 386 3646 ¹)
419 3576 612 3633 Wilamovitzii
649 3577 909 3646 argumentationem
941 3579 1092 3634 accuratius
1129 3580 1238 3634 definire
1274 3580 1367 3633 studet

258 3668 377 3723 Evaldus
394 3666 529 3720 Bruhnius
543 3667 754 3733 (lucubrationes
768 3670 867 3735 Europ.
887 3667 914 3720 in
932 3667 1100 3721 Fleckeiseni
1113 3669 1201 3722 annal.
1216 3668 1366 3736 suppl-XV

257 3773 283 3824 p.
311 3758 363 3809 314
388 3757 438 3824 sq.)
465 3755 609 3808 statuendo
634 3753 790 3822 Sophoclem
814 3753 939 3809 Electrae
966 3755 1121 3823 Euripidiac
1148 3757 1265 3810 nondum
1289 3761 1367 3809 actae

259 3849 447 3914 argumentum
471 3843 577 3896 0001000
596 3848 624 3896 01
643 3858 721 3896 eure
741 3849 900 3896 commotum
918 3843 1008 3910 fuisse,
1036 3850 1067 3897 ut
1085 3861 1160 3897 suam
1179 3844 1365 3898 conscriberet.

258 3938 400 3998 utramque
419 3930 481 3984 dein
498 3931 615 3984 fabulam
633 3931 743 3985 1000010
762 3949 785 3985 a.
804 3933 857 3985 413
875 3932 904 3986 10
922 3948 1043 3986 scaenam
1063 3949 1121 3986 0000
1139 3934 1254 3987 missam.

365 4021 387 4090 2)
416 4020 533 4074 ‘Electra
560 4025 636 4089 tritgt
662 4020 752 4074 fortan
779 4021 822 4074 010
845 4021 1070 4089 sophokleischcn,
1099 4022 1174 4075 nicht
1201 4021 1244 4075 die
1272 4020 1367 4088 euripi·

260 4111 386 4164 deischen
412 4112 489 4177 ziige,
516 4125 569 4162 000
596 4109 648 4162 000
671 4109 872 4174 nachdichtern,
900 4109 952 4163 wie
979 4111 1039 4163 dem
1066 4111 1114 4164 der
1141 4111 1192 4164 den
1211 4111 1367 4164 Dulorestes

260 4200 377 4254 versasst
394 4198 450 4264 hat,
470 4214 504 4251 an
521 4197 561 4251 bis
579 4198 628 4250 aul¹
644 4197 761 4250 Goethes
781 4199 920 4266 Iphigenia
942 4199 970 4251 10
988 4198 1102 4266 Delphi!

368 4286 389 4355 3)
409 4286 475 4340 OIG.
494 4287 516 4351 Ι,
537 4288 597 4338 231.
