3052 4882
609 650 648 713 E.
680 649 730 715 lle
758 649 918 730 Thyesta.

313 826 512 891 Difficillime
536 826 714 891 diiudicatu
738 831 788 891 est
811 828 980 909 Thyestes,
1005 846 1086 906 quae
1111 847 1151 890 ex
1174 825 1319 891 omnibus

210 952 288 997 sane
319 932 405 997 haud
434 931 546 1013 paucis
578 933 757 1014 tragoediis
790 953 872 1012 quae
899 934 960 997 hoc
983 937 1207 1014 argumentum
1238 933 1336 997 cele·¹

209 1041 345 1103 brarunt
381 1058 445 1103 una
481 1039 523 1102 ad
559 1057 617 1102 nos
654 1039 814 1120 pervenit.
870 1043 959 1103 certe
997 1039 1121 1104 Seneca
1158 1039 1317 1104 Graecum

210 1144 349 1224 aliquem
368 1149 496 1225 poetam
516 1144 577 1209 sibi
596 1144 785 1210 imitandum
805 1145 950 1226 sumpsit,
976 1145 1033 1209 sed
1053 1144 1199 1224 quisnam
1217 1144 1317 1210 fuerit

209 1250 263 1315 ille
296 1250 437 1316 virorum
465 1251 630 1315 doctorum
662 1252 828 1333 sagacitas
862 1252 966 1316 adhuc
996 1271 1058 1316 non
1090 1252 1172 1316 satis
1205 1253 1317 1332 proba·

208 1357 318 1422 biliter
355 1357 448 1420 eruit.
495 1357 579 1436 quod
616 1377 679 1421 non
715 1357 829 1422 mirum
871 1363 935 1440 est,
979 1357 1235 1438 quandoquidem
1277 1358 1317 1422 de

209 1463 446 1544 exemplaribus
470 1463 605 1529 Graecis
638 1484 751 1545 parum
781 1469 977 1546 compertum
1008 1466 1171 1529 habemus
1219 1449 1329 1543 acque

209 1569 355 1649 equidem
387 1575 458 1635 tota
488 1571 628 1635 materia
656 1575 839 1635 retraetata
862 1571 1098 1653 diligenterque
1131 1569 1317 1636 examinata

208 1676 286 1741 mihi
309 1676 456 1757 persuasi
487 1678 571 1742 11111
600 1677 829 1759 quaestionem,
864 1678 1020 1756 quomodo
1050 1696 1134 1742 nunc
1159 1696 1213 1742 res
1245 1695 1316 1742 sese

208 1785 317 1865 habet,
355 1783 411 1849 vix
447 1784 489 1848 ad
525 1783 681 1863 liquidum
717 1783 850 1865 perduci
891 1803 995 1865 posse.
1049 1783 1107 1849 sed
1147 1783 1181 1848 in
1217 1802 1316 1849 causa

209 1890 383 1972 desperata
401 1909 442 1954 ne
460 1890 636 1971 periculum
660 1890 784 1974 fugisse
802 1890 927 1971 videar,
953 1890 1030 1970 quid
1053 1889 1192 1955 sentiam
1214 1889 1316 1956 libere

209 1995 406 2081 exponam.¹)

313 2103 546 2186 Argumentum
565 2104 649 2183 quod
668 2122 781 2168 cenam
800 2104 996 2185 Thyesteam
1015 2103 1160 2168 continet
1178 2123 1317 2169 scaenae

102 2205 106 2212 ’
209 2209 408 2274 commissum
439 2214 489 2274 est
518 2209 717 2291 aSophoole
747 2209 781 2273 in
808 2209 909 2274 Atreo
942 2209 1012 2275 sive
1044 2209 1240 2292 Mycenaeis,
1274 2211 1315 2275 ab

207 2315 363 2397 Euripide
387 2316 420 2380 11
445 2317 598 2398 Thyesta.
624 2315 740 2381 deinde
764 2316 952 2398 saepissime
976 2317 1033 2381 1111
1056 2316 1175 2399 tragici
1196 2317 1315 2382 Graeci

207 2422 240 2487 in
265 2423 375 2486 eodem
399 2423 618 2501 elaborarunt,
644 2423 683 2487 de
708 2422 821 2502 quibus
844 2426 977 2488 verbum
1000 2443 1063 2488 111
1086 2423 1214 2504 faciam,
1245 2443 1315 2488 cum

207 2529 392 2609 plerumque
416 2528 545 2593 nomina
574 2529 666 2593 modo
690 2529 863 2594 memoriae
896 2530 962 2595 sint
993 2531 1126 2596 tradita.
1174 2529 1315 2611 priorum

208 2639 316 2700 autem
347 2636 544 2718 tragicorum
575 2637 791 2700 Romanorum
820 2636 944 2701 Ennius
982 2637 1157 2718 Thyesten,
1197 2636 1315 2701 Accius

207 2741 342 2806 Atreum
367 2743 551 2807 docuerunt.
599 2743 638 2807 de
663 2762 771 2807 eorum
799 2743 1036 2823 exemplaribus
1064 2743 1140 2823 quid
1170 2742 1214 2807 sit
1237 2742 1317 2807 iudi·

208 2849 344 2912 candum
372 2848 481 2915 varias
511 2850 714 2930 protulerunt
737 2849 800 2915 viri
832 2849 920 2914 docti
950 2849 1144 2931 sententias,
1178 2848 1315 2914 omnium

207 2954 386 3020 rectissime
419 2955 600 3036 disputavit
631 2957 823 3021 Welcherus
860 2956 914 3035 qui
951 2955 1118 3021 contendit
1154 2955 1223 3040 (Tr.
1257 2955 1314 3021 Gr.

175 3044 176 3048 ¹
207 3081 239 3142 p.
270 3067 333 3125 358
366 3065 400 3125 et
433 3068 494 3125 675
526 3061 589 3146 sq.)
627 3081 814 3143 expressam
851 3081 923 3126 esse
960 3064 1001 3126 ab
1037 3061 1135 3127 Accio
1172 3062 1316 3128 fabulam

208 3167 428 3248 Sophocleum,
460 3167 671 3249 Euripideam
694 3168 804 3253 (quam
826 3169 879 3233 W.
904 3188 945 3233 ex
968 3188 1077 3233 errore
1101 3172 1168 3233 tum
1191 3169 1316 3251 pervol-

207 3277 284 3356 gato
318 3293 388 3338 1111
413 3273 536 3338 Cressis
567 3274 724 3357 confudit)
756 3277 797 3339 ab
820 3274 936 3339 Ennio.
975 3294 1057 3355 quae
1081 3274 1254 3356 sententia,
1287 3274 1316 3340 si

208 3379 325 3462 exigua
362 3375 548 3463 fragmenta
583 3380 780 3462 inspexeris,
818 3380 973 3446 audacius
1009 3381 1149 3446 fortasse
1185 3380 1316 3447 videtur
1364 3462 1367 3469 Ι

207 3485 324 3569 posita,
349 3491 496 3551 attamen
515 3490 552 3551 ut
574 3507 686 3553 veram
709 3507 781 3552 eam
805 3506 877 3552 esse
901 3487 1032 3552 credam
1054 3487 1104 3552 his
1134 3487 1315 3552 rationibus
1364 3472 1369 3493 ⁸

209 3612 417 3660 commoveor.

316 3840 336 3908 ¹)
360 3839 424 3908 quid
448 3841 549 3894 Theod.
572 3840 698 3910 Voigtius
721 3845 752 3895 do
775 3844 855 3895 Atrei
879 3850 904 3895 et
936 3844 1064 3911 Thyestae
1091 3844 1188 3908 fabola
1214 3840 1256 3894 his
1283 3841 1317 3894 de

208 3929 287 3983 rebus
305 3928 450 3997 disputarit
467 3945 519 3982 non
537 3929 608 3983 novi.
645 3945 704 3982 cum
723 3929 793 3983 enim
811 3931 899 3984 altera
917 3929 1147 3983 commentationis
1164 3929 1237 3982 illius
1254 3945 1317 3997 pars

208 4017 350 4072 novissime
382 4019 487 4071 demum
518 4018 546 4071 in
578 4017 713 4071 dissertat.
745 4019 855 4071 Halcns
886 4019 958 4072 foras
990 4019 1070 4072 missa
1101 4018 1129 4071 in
1155 4018 1317 4071 bibliotheca

208 4105 286 4159 huius
305 4105 488 4160 universitatis
506 4107 622 4159 nondum
641 4112 747 4173 praesto
767 4107 810 4172 sit,
835 4107 947 4174 primam
968 4109 1045 4160 modo
1063 4106 1223 4176 particulam
1242 4105 1315 4174 (diss.

208 4194 298 4264 inaug.
324 4194 401 4249 Halis
429 4197 508 4263 1885)
536 4194 668 4262 inspicere
694 4194 783 4262 potui,
817 4195 862 4248 ubi
888 4195 954 4249 satis
976 4196 1057 4250 habet
1084 4210 1216 4264 exponere
1247 4210 1316 4261 quae

208 4284 311 4343 fuerint
327 4285 434 4339 fabulae
451 4285 553 4339 formae
571 4285 642 4356 apud
659 4285 812 4351 Homerum,
830 4285 984 4351 Hesiodum,
1002 4284 1031 4339 in
1048 4284 1245 4339 Alcmaeonide.
