3052 4882
228 341 275 410 10

225 553 278 634 qui
302 548 482 615 ‘cunctando
506 554 637 616 restituit
660 559 734 615 reuc’
759 554 939 614 temerarius
962 551 1030 615 est?
1065 567 1139 628 qs.
1165 548 1335 613 suishanc

225 672 296 720 osse
318 660 445 737 partem
467 674 582 722 uersus
604 655 761 721 Enniani:

268 784 349 827 uatus
367 763 454 827 bomo
472 764 556 827 uobis
575 766 747 829 cunctando
765 765 895 828 restituit
912 785 976 828 rem
996 761 1083 847 (ann.
1098 761 1147 826 IX
1162 767 1225 826 313
1240 759 1294 846 V.)

225 885 318 945 quem
348 866 459 932 Cicero
496 868 582 933 solus
618 872 671 932 ter
707 867 829 949 attulit,
868 867 908 931 de
945 865 995 931 off.
1028 867 1045 931 I
1078 871 1129 949 24,
1168 871 1224 949 84;
1262 865 1333 930 Sat.

224 975 298 1039 mai.
335 981 366 1056 4,
406 982 461 1058 103
500 995 549 1057 ep.
588 975 640 1040 ad.
677 976 749 1040 Att.
786 976 819 1040 H
858 981 908 1057 19,
948 982 976 1041 2.
1023 974 1224 1040 notissimum
1255 993 1334 1040 uero

225 1101 296 1147 eum
327 1082 427 1148 luisse
458 1086 553 1165 patet
584 1083 753 1165 permultis
785 1103 802 1149 2
832 1082 1036 1165 testimoniis
1070 1082 1166 1148 sicuti
1192 1101 1212 1147 2
1234 1082 1333 1164 Verg.

224 1188 304 1253 Aen.
328 1189 375 1254 VI
398 1193 478 1255 845:
1074 1181 1076 1183 .

645 1306 679 1363 tu
702 1298 861 1363 Muulucus
883 1299 933 1362 illc
955 1318 984 1362 cs
1072 1324 1078 1375 ᾗ

124 1489 126 1493 Ι
374 1423 463 1468 uuus
487 1407 540 1489 qui
563 1405 648 1468 uobis
672 1405 844 1469 2222122212
866 1405 1000 1468 restitues
1023 1424 1096 1468 rom.

225 1507 265 1573 cf.
291 1507 384 1574 Ouid.
404 1507 481 1573 fast.
500 1509 534 1573 H
558 1513 618 1574 241
645 1528 691 1589 sq.
716 1508 911 1574 LiuXXX
936 1514 976 1573 26
1001 1508 1041 1572 de
1064 1507 1161 1572 Fabii
1185 1526 1333 1573 excessu:

223 1618 266 1680 sic
288 1616 366 1679 aaut
389 1618 497 1681 certius
524 1624 565 1680 cst
597 1639 691 1702 quom
718 1638 816 1681 acuum
838 1617 989 1680 bominum
1016 1637 1048 1679 u.
1073 1638 1096 1680 c.
1122 1638 1147 1680 r.
1172 1617 1335 1680 restituisse

223 1724 301 1786 21221
330 1722 454 1785 Ennius
485 1724 598 1787 scribit.
636 1721 729 1786 adice
760 1720 879 1787 Diuum
910 1720 1094 1803 Augustum
1128 1719 1177 1784 inv
1195 1719 1335 1802 epistula

225 1828 363 1908 quadam
394 1828 437 1894 ad
460 1828 634 1910 Tiberium,
666 1847 761 1908 quam
784 1827 873 1894 Suet.
898 1828 1006 1893 Tiber.
1031 1833 1070 1893 21
1095 1826 1231 1910 profert,
1262 1846 1336 1892 eun-

225 1935 297 1999 dem
319 1952 448 1998 uersum
471 1953 644 2017 usurpasse
673 1934 922 2000 substituentem
948 1954 1007 2016 pro
1031 1937 1201 2000 eumundo
1223 1951 1335 2000 vocem

224 2045 389 2129 2191122212.

330 2148 421 2230 Quae
452 2147 557 2213 adhuc
581 2146 677 2212 attuli
699 2147 829 2212 subulas
853 2147 981 2227 quidem
1003 2167 1068 2213 non
1091 2150 1252 2230 spectant,
1277 2147 1335 2213 sed

225 2273 319 2333 quam
357 2257 428 2318 arte
466 2254 663 2318 cohaereant
699 2273 769 2318 cum
803 2243 992 2333 quaestione
1029 2272 1125 2333 quam
1156 2256 1335 2318 tractamus

225 2364 373 2441 apparet.
431 2358 556 2424 22111221
585 2358 753 2425 didicimus
784 2362 818 2424 et
849 2364 969 2439 quanto
992 2358 1026 2424 12
1049 2359 1205 2441 despectu
1236 2357 1336 2425 fuerit

225 2466 311 2547 apud
344 2464 500 2530 Senecam
528 2465 652 2530 Ennius
685 2470 720 2530 21
750 2484 864 2531 uersus
896 2465 939 2530 ad
969 2467 1103 2532 uerbum
1139 2465 1285 2530 redditos
1316 2483 1334 2530 2

226 2571 388 2637 Ciceronis
411 2572 503 2637 libris
527 2584 598 2637 2222
620 2572 787 2653 repetitos.
821 2571 951 2637 minime
974 2591 1051 2637 vero
1076 2591 1116 2637 ex
1140 2571 1336 2638 observatio·

224 2677 318 2742 nibus
348 2677 413 2742 illis
442 2696 522 2757 quas
544 2682 698 2757 tanquam
726 2696 766 2742 ex
793 2696 850 2742 suo
875 2676 998 2742 Seneca
1032 2677 1159 2742 addidit
1190 2676 1335 2757 sequitur

224 2784 323 2849 libros
360 2803 430 2850 eum
459 2783 626 2849 Ennianos
663 2783 831 2850 evolvisse.
878 2783 1058 2848 recorderis
1095 2783 1179 2848 enim
1216 2802 1334 2864 quaeso

226 2877 303 2970 quot
325 2889 412 2954 illius
434 2894 551 2971 poetae
574 2909 687 2956 uorsus
708 2890 742 2954 in
761 2889 925 2954 Ciceronis
949 2889 1080 2971 scriptis
1103 2893 1226 2971 extent,
1250 2889 1335 2955 unde

226 2995 351 3060 Seneca
373 2994 526 3060 facillime
550 2995 701 3061 iudicium
732 3014 824 3060 suum
852 2995 892 3059 de
915 2995 1020 3059 Ennio
1039 2994 1183 3076 potuerit
1206 3013 1333 3076 capere.

225 3108 398 3183 praetcrea
431 3102 554 3167 Seneca
588 3104 627 3167 de
650 3102 755 3167 Ennio
783 3121 915 3185 prorsus
946 3102 1032 3168 idem
1064 3100 1228 3168 sentiebat
1251 3102 1335 3182 quod

226 3209 387 3289 aequales.
433 3209 593 3274 rationem
629 3209 765 3288 denique
788 3208 967 3291 Vergilium
1003 3208 1090 3273 inter
1126 3212 1160 3273 21
1195 3208 1335 3274 Ennium

225 3315 478 3380 intercedentem
515 3335 606 3380 nemo
643 3315 833 3398 ignorabat:
871 3315 904 3379 in
941 3314 1179 3380 commentariis
1217 3316 1334 3380 saltem

227 3422 281 3502 qui
300 3427 368 3487 tum
386 3419 575 3487 ferebantur
589 3421 786 3504 Vergilianis
806 3422 987 3503 expositam
1001 3421 1101 3486 fuisse
1116 3441 1188 3486 eam
1203 3421 1334 3488 Servius

226 3533 261 3593 21
278 3528 460 3594 Macrobius
479 3532 643 3594 testantur
663 3527 718 3613 (cf.
735 3528 872 3610 append.
893 3527 1045 3593 editionis
1064 3526 1333 3614 Ribbeckianae).

227 3640 261 3700 21
282 3636 417 3701 laudare
440 3636 532 3701 iuvat
554 3634 757 3700 historiolam
780 3635 869 3700 illam
888 3655 983 3715 quam
1001 3635 1138 3717 legimus
1161 3634 1195 3699 in
1218 3654 1335 3716 appen-

227 3741 297 3807 dice
334 3743 424 3809 vitao
459 3742 669 3826 Vergilianas
706 3761 723 3807 e
764 3742 863 3807 Probi
904 3742 1131 3808 commentario
1172 3741 1334 3822 repetitae

227 3849 371 3935 (Sueton.
396 3850 487 3931 reliq.
508 3851 558 3915 ed.
577 3850 820 3915 Reifferscheid.
845 3871 875 3932 p.
901 3850 957 3936 67)
980 3874 1049 3916 cum
1072 3854 1098 3915 12
1122 3848 1180 3935 (22.
1195 3848 1334 3934 Vergil.)

227 3959 395 4043 aliquunde
417 3958 558 4024 Ennium
588 3960 623 4021 iu
654 3980 751 4022 ououu
773 3959 894 4023 baberet
924 3966 1150 4045 rogareturque,
1183 3958 1335 4042 quidnam

225 4066 347 4150 fuceret,
371 4065 524 4151 rasponus
546 4087 576 4129 se
598 4086 713 4131 nurum
737 4068 871 4150 collique
888 4067 926 4130 dc
955 4073 1083 4130 stercore
1105 4062 1222 4129 Ennii:
1249 4066 1336 4157 boba

227 4173 307 4234 cuim
324 4179 440 4256 poeto
467 4173 537 4235 tlte
564 4174 741 4256 cyrcqc'us
768 4172 988 4235 sententias
1014 4172 1082 4234 sud
1109 4171 1237 4234 uerbis
1259 4192 1335 4242 uon

227 4281 377 4344 inultum
392 4282 544 4345 oruutts.
561 4277 732 4364 (Senecam
744 4276 894 4343 similiter
908 4276 1192 4344 iudicassevidisti
1201 4297 1276 4360 pag.
1287 4275 1333 4362 8).
