3052 4882
206 514 322 581 Aesch.
350 521 452 581 lere:

249 621 309 685 Ka.
362 624 391 685 τί
411 623 475 704 δῆτ’
500 623 633 702 ἐμαυτῆς
654 619 838 700 καταγέλωτ’
863 620 926 701 ἔχω
949 618 1028 689 τάδε,

364 728 416 790 καί
439 734 577 809 σκῆπτρα
600 726 652 788 καί
673 730 798 805 μαντεῖα
820 723 889 805 περὶ
913 723 986 804 δέρῃ
1011 723 1123 804 eninm

365 833 397 895 οὲ
420 833 477 914 μὲν
499 831 561 913 πρὸ
584 832 696 912 μοίρας
717 836 770 911 τῆς
793 829 869 910 ἐμῆς
895 828 1065 909 διαφθερῶ,

207 938 331 1004 Seneca
367 938 451 1004 enim
487 936 632 1002 instituit
666 955 736 1001 rem
765 935 855 1000 hisce
886 934 998 999 modis.
1045 932 1230 998 Cassandra
1252 952 1316 998 non

207 1051 333 1111 tantum
356 1045 428 1110 fata
458 1044 607 1110 continuo
637 1048 795 1109 eventura
814 1041 911 1123 canit,
935 1046 973 1105 ut
1001 1040 1035 1105 in
1061 1042 1178 1105 Aesch.
1203 1039 1315 1104 fabula

207 1151 261 1216 ubi
287 1151 464 1216 enuntiatis
494 1151 560 1215 illis
589 1148 755 1215 vaticiniis
785 1148 884 1213 aedes
912 1146 1021 1228 regias
1049 1151 1214 1226 tamquam
1240 1145 1317 1210 Orci

205 1257 319 1338 intrat,
352 1257 409 1322 sed
442 1257 541 1321 etiam
572 1275 612 1320 ea
644 1274 727 1334 quae
758 1254 846 1318 intus
879 1256 1020 1335 aguntur
1050 1253 1213 1334 ἐξαγγέίου
1245 1252 1315 1316 loco

207 1364 405 1445 pronuntiat.
430 1362 540 1442 itaque
564 1381 627 1427 non
650 1361 781 1426 auditur
795 1359 1046 1442 Agamemnonis
1070 1359 1190 1423 clamor
1212 1357 1317 1439 profli-

207 1470 278 1553 gati
301 1471 355 1550 qui
378 1489 442 1534 non
471 1469 505 1534 in
529 1469 655 1550 balneo,
688 1469 746 1533 sed
775 1467 862 1532 inter
895 1465 1074 1532 convivium
1106 1470 1242 1530 necatur
1274 1467 1315 1529 ab

207 1578 363 1661 Aegistho
397 1577 731 1660 Clytaemnestraque.
778 1575 963 1640 Cassandra
1000 1577 1109 1638 autem
1144 1594 1209 1639 una
1246 1593 1317 1637 cum

207 1708 285 1771 rege
312 1708 376 1753 non
404 1687 549 1770 moritur,
587 1687 645 1752 sed
675 1685 821 1769 confugit
858 1686 900 1750 ad
937 1704 1028 1750 aram
1063 1685 1147 1749 unde
1183 1684 1218 1749 in
1253 1684 1316 1748 fine

206 1793 336 1859 fabulae
365 1794 450 1859 ultro
474 1792 544 1858 sine
576 1791 691 1856 timore
714 1795 851 1856 mortem
875 1790 1010 1872 oppetit.
1058 1791 1213 1869 quaedam
1238 1808 1316 1856 vero

208 1900 308 1964 etiam
344 1900 377 1964 in
413 1901 476 1964 hae
511 1903 606 1980 parte
642 1898 839 1980 Aeschylum
876 1897 1016 1979 sapiunt,
1052 1897 1156 1965 veluti
1192 1900 1317 1961 vestem

208 2007 333 2088 ἄπειρον
356 2024 451 2085 quam
474 2009 593 2070 vocant
617 2003 740 2069 Seneca
763 2002 899 2068 retinnit
923 2023 954 2069 v.
980 2010 1042 2068 887
1054 2033 1060 2068 :

366 2114 528 2196 mortifero
549 2115 685 2177 cincinni
701 2112 821 2197 perfide
844 2113 942 2175 tradit
965 2115 1031 2176 neci

367 2222 477 2284 indnto
501 2222 604 2283 nectis:
636 2221 748 2284 cnitnin
772 2219 915 2282 nnnidns
937 2226 1050 2303 πομπαί

367 2333 513 2411 cnpntqne
536 2328 602 2389 inni
624 2333 651 2389 et
672 2327 748 2389 inoii
770 2327 921 2389 ciondnnt
942 2327 1038 2389 ainus.

208 2431 323 2496 Aesch,
343 2437 443 2497 1335:
467 2432 523 2495 Κλ.
547 2433 593 2502 ὡς
613 2434 689 2514 μήτε
712 2433 834 2514 φεύγειν
855 2432 926 2512 μήτ’
951 2432 1122 2512 ἀμύνεσθαι
1143 2431 1251 2512 μόρον.

547 2540 672 2621 ἄπειρον
694 2539 932 2620 ἀμφίβληστρον,
955 2538 1061 2620 ὥσπερ
1084 2539 1213 2620 ι’χδιίων,

546 2647 744 2728 περιστιχίζω,
766 2645 898 2707 πλοῦτον
921 2645 1041 2725 εἵματος
1064 2645 1171 2707 κακόν.

208 2749 362 2831 deinceps
380 2770 410 2816 v.
431 2756 514 2814 897:
548 2759 651 2815 ornat
679 2752 802 2835 bipenni
831 2751 989 2836 Tyndaris
1011 2752 1152 2814 dentrcin
1175 2752 1294 2832 fimena,

434 2863 516 2922 901:
549 2860 645 2942 habet,
664 2866 825 2944 peroctnin
844 2864 893 2921 est.

434 2968 516 3027 904:
550 2966 688 3027 nondnni
711 2967 871 3028 recedunt:
895 2967 944 3027 iiie
966 2966 1031 3026 inin
1055 2965 1224 3026 enonirneni
1242 2965 1319 3046 petit

548 3071 720 3154 loceroiqne
743 3092 859 3155 empne,
884 3072 940 3134 iilo
962 3072 1126 3152 fodientem
1150 3071 1286 3133 ordinent.

208 3171 324 3238 Aesth.
343 3179 445 3238 1338:
469 3175 524 3237 Κλ.
548 3176 631 3237 παίω
655 3174 690 3236 δέ
711 3199 757 3237 νιν
780 3174 840 3244 δίς·
864 3176 924 3237 κάν
947 3175 1033 3237 δνοῖν
1055 3175 1231 3254 οἶμώγμασι

547 3281 685 3363 μεθῆκεν
707 3283 801 3344 αὑτοῦ
824 3282 929 3344 κῶλα·
951 3282 1004 3344 καὶ
1026 3281 1197 3343 πεπτωκότι

547 3389 647 3469 τρίτην
669 3388 862 3468 ἐπενδίδωμι,
885 3412 912 3450 κ.
926 3413 949 3449 τ.
964 3388 988 3450 ί.

209 3497 308 3572 atque
330 3493 412 3557 haec
434 3494 601 3558 hactenus.
647 3512 721 3557 nam
754 3493 855 3557 solum
887 3493 975 3557 locos
1006 3491 1216 3575 gravissimos
1243 3493 1320 3556 alla-

208 3604 302 3664 turus
326 3616 423 3662 eram.

314 3707 432 3772 Exitus
446 3706 577 3772 fabulae
587 3707 786 3772 Armaeanae
801 3709 842 3772 ab
852 3698 1054 3789 Aeschyleae
1064 3709 1161 3774 valde
1175 3708 1319 3773 recedit:

209 3813 321 3879 statim
340 3817 510 3894 postquam
528 3813 801 3896 Agamemnonem
819 3814 1026 3879 interfectum
1046 3833 1117 3879 esse
1136 3814 1320 3879 Cassandra

209 3917 382 4000 nuntiavit,
406 3919 542 3984 Electra
566 3939 606 3984 ex
629 3918 764 3984 aedibus
782 3938 818 3984 se
836 3919 985 4002 proripit,
1009 3923 1046 3984 ut
1064 3919 1202 3984 Orestae
1220 3938 1319 4000 puero

209 4025 320 4108 fugam
348 4030 494 4105 quaerat.
529 4031 563 4090 et
593 4025 627 4090 in
659 4024 729 4107 ipso
761 4026 916 4108 temporis
948 4026 1085 4091 articulo
1118 4045 1193 4091 ecce
1226 4016 1322 4092 adest

211 4130 381 4212 Strophius
410 4130 464 4211 qui
492 4134 533 4197 ab
565 4130 723 4213 Olympiis
755 4131 859 4198 victor
895 4137 1065 4197 revertens
1091 4132 1198 4214 Argos
1230 4131 1321 4196 venit

210 4243 376 4321 gratatnm
407 4238 651 4322 Agamemnoni,
685 4244 823 4322 cognato
854 4258 920 4321 suo,
952 4239 1036 4320 quod
1067 4238 1161 4304 Ilium
1192 4238 1318 4303 cecidit.
