3052 4882
1265 313 1312 380 67

207 517 269 577 1111
311 517 413 598 forero
453 514 562 600 repon)
613 535 675 578 non
725 516 857 580 multum
900 517 1008 598 colligi
1056 535 1151 598 posse
1193 521 1314 581 certum

207 624 267 701 est,
299 620 356 684 sed
379 621 406 684 si
430 621 509 685 illud
533 621 674 702 opinioni
698 641 789 686 meae
812 642 875 687 non
899 623 1124 688 contradicere
1148 623 1314 707 concedes

207 731 377 792 contentus
402 747 466 792 ero.

311 886 502 952 Accedimus
525 887 591 952 iam
614 889 657 952 ad
680 887 738 952 illa
759 891 913 970 capricorno
932 891 1097 971 προτατικά
1117 909 1199 968 quae
1218 909 1315 971 supra

206 991 382 1073 tetigimus,
403 991 535 1056 Tantali
555 992 625 1056 dico
640 994 784 1056 umbram
804 993 993 1058 etruriam.
1020 1013 1102 1072 quae
1121 993 1315 1059 inducuntur

207 1117 226 1161 a
251 1097 384 1178 Seneca,
412 1102 449 1162 ut
472 1097 637 1163 auditores
661 1097 787 1162 facilius
811 1099 1006 1181 intellegant
1030 1099 1083 1178 qui
1105 1099 1228 1165 factum
1260 1099 1313 1181 sit,

206 1207 242 1266 ut
256 1202 384 1294 Atreus
396 1202 503 1267 subito
523 1208 697 1267 commotus
713 1203 933 1268 crudelissime
952 1204 985 1268 in
1003 1205 1139 1269 fratrem
1159 1204 1315 1270 decernat

207 1308 343 1374 saevire.
390 1313 534 1373 monstra
566 1328 605 1373 ea
636 1309 722 1389 apud
752 1309 941 1390 Sophoclem
973 1314 1007 1374 et
1038 1309 1227 1392 Euripidem
1265 1311 1315 1375 ita

207 1434 270 1477 111
288 1413 484 1495 processisse
497 1414 568 1479 luce
588 1414 706 1478 clarius
726 1418 794 1496 est;
814 1419 989 1495 potuerant
1008 1415 1135 1495 quidem
1154 1435 1314 1497 apparere

208 1521 292 1601 apud
316 1521 451 1585 eundem
474 1525 602 1601 poetam
626 1520 666 1584 de
691 1542 751 1601 quo
775 1524 867 1587 rnodo
892 1522 1024 1605 egimus.
1071 1543 1181 1590 verum
1212 1544 1314 1603 aeque

209 1666 248 1673 —
272 1647 312 1692 11
337 1627 441 1691 dicam
464 1627 568 1709 magis
593 1666 632 1672 —
663 1629 829 1708 probabile
867 1633 918 1693 est
950 1629 1106 1694 Senecam
1142 1629 1246 1710 ipsum
1278 1634 1316 1695 ut

207 1736 369 1798 rhetorem
391 1733 424 1797 id
448 1733 510 1798 sibi
534 1734 746 1815 excogitasse.
794 1734 913 1799 etenim
940 1734 1027 1799 haud
1060 1734 1199 1799 absimili
1221 1736 1314 1800 modo

207 1841 240 1905 in
262 1840 503 1923 Agamemnone
527 1841 691 1922 Thyestae
715 1843 859 1905 umbram
879 1840 1071 1922 Aegisthum
1095 1840 1137 1904 ad
1160 1841 1315 1906 ultionem

207 1947 396 2012 incitantem
418 1945 512 2010 finxit
535 1949 570 2010 et
591 1945 623 2010 in
642 1947 782 2011 Hercule
806 1945 896 2032 (fur.)
919 1948 998 2011 luno
1017 1950 1170 2028 portenta
1188 1946 1316 2013 inferna

207 2053 379 2118 Herculem
403 2052 510 2117 furore
534 2051 668 2134 implere
691 2054 782 2118 iubet
814 2053 868 2138 (cf.
894 2054 935 2117 ad
960 2054 1043 2117 hanc
1067 2052 1314 2134 descriptionem
1388 2125 1391 2130 ,

207 2161 284 2224 Eur.
308 2160 439 2224 Heracl.
462 2158 517 2223 ubi
539 2159 646 2241 Lyssa
669 2159 778 2241 prodit
802 2164 835 2224 et
858 2159 952 2224 Ovid.
977 2163 1051 2223 met.
1076 2159 1132 2240 IV,
1161 2164 1223 2223 417
1248 2179 1312 2242 sq.;

207 2267 305 2349 Verg.
336 2266 417 2331 Aen.
441 2265 514 2351 VII,
549 2271 609 2330 323
634 2286 700 2349 sq.;
733 2265 939 2331 memorabile
972 2264 1046 2329 dein
1076 2264 1155 2329 mihi
1184 2265 1314 2331 videtur

208 2374 293 2453 quod
317 2373 441 2438 Seneca
464 2372 577 2437 scribit
600 2372 640 2437 de
663 2372 713 2438 ira
736 2374 779 2454 H,
801 2378 851 2453 35,
873 2377 906 2435 3:
932 2371 1053 2451 ‘quales
1077 2375 1153 2436 sunt
1174 2372 1313 2436 hostiurn

207 2480 260 2546 vel
291 2479 433 2544 terarum
469 2478 569 2543 caede
605 2478 801 2543 madentium
839 2482 896 2542 aut
932 2477 974 2542 ad
1007 2477 1139 2542 caedem
1171 2477 1312 2543 euntium

207 2590 366 2668 aspectus,
391 2585 501 2665 qualia
523 2588 640 2665 poetae
661 2584 789 2649 inferna
807 2588 951 2648 monstra
969 2583 1132 2648 finxerunt
1149 2584 1313 2649 succincta

207 2692 410 2774 serpentibus
441 2695 475 2756 et
496 2691 592 2773 igneo
615 2689 704 2772 flatu,
736 2691 848 2770 quales
879 2690 921 2754 ad
944 2690 1031 2754 bella
1054 2689 1229 2754 excitanda
1252 2690 1314 2755 dis-

207 2799 412 2879 cordiamque
443 2798 477 2862 in
504 2797 638 2879 populos
671 2797 876 2862 dividendam
908 2815 1083 2878 pacemque
1105 2796 1313 2872 lacerandam

208 2907 288 2970 deae
334 2904 546 2970 taeterrimae
590 2902 727 2967 inferum
775 2907 909 2967 exeunt:
960 2894 1058 2966 tal'em
1099 2902 1190 2967 nobis
1231 2902 1313 2967 iram

206 3012 379 3094 figuremus
404 3049 444 3057 —
469 3009 519 3095 (4)
542 3010 605 3092 vel,
634 3009 661 3074 si
684 3009 823 3090 videtur,
855 3009 907 3090 sit,
933 3008 1037 3088 qualis
1060 3008 1146 3090 apud
1169 3013 1312 3074 nostros:

294 3133 503 3217 sanguineum
526 3131 675 3212 quatiens
699 3131 816 3196 dextra
838 3133 974 3196 Bellona
996 3131 1156 3214 flagellum

294 3246 351 3308 aut
374 3240 475 3306 scissa
498 3239 644 3322 gaudens
667 3238 760 3306 vadit
782 3237 954 3303 Discordia
976 3237 1065 3319 palla

206 3369 261 3455 (cf.
281 3369 362 3433 Aen.
381 3367 472 3449 VIH,
494 3365 570 3450 702)
595 3369 653 3430 aut
670 3364 699 3429 si
717 3384 780 3445 qua
798 3363 903 3446 magis
922 3363 994 3428 dira
1012 3362 1113 3428 iacies
1133 3361 1314 3445 excogitari

207 3475 270 3540 diri
293 3474 441 3539 adiectus
464 3471 594 3553 potest!

311 3633 408 3698 Aliud
441 3631 613 3697 discrimen
645 3629 729 3709 quod
755 3629 841 3693 inter
864 3627 1075 3693 Annaeanam
1105 3631 1139 3691 et
1162 3626 1312 3706 antiquas

205 3742 332 3807 fabulas
355 3737 531 3804 intercedit
554 3740 668 3801 extare
691 3733 769 3798 mihi
791 3734 922 3801 videtur
944 3734 978 3798 in
1002 3733 1075 3798 Sen.
1100 3752 1130 3799 v.
1156 3737 1218 3797 223
1243 3751 1310 3812 sq.:

574 3860 720 3944 specimen
744 3859 907 3942 antiquum
929 3858 1040 3940 imperi

363 3970 478 4052 fraude
500 3974 542 4030 111
565 3966 699 4050 adeptus,
725 4000 765 4010 —

251 4135 331 4196 225:
363 4137 405 4194 est
426 4129 544 4214 Peupu
567 4128 637 4191 11111
660 4127 755 4191 nobile
777 4128 812 4190 io
833 4127 961 4191 stabulis
977 4145 1069 4210 perus

363 4256 498 4302 arcanus
521 4255 611 4320 11111,
