3052 4882
427 544 525 622 peritas
543 560 602 623 per
624 559 724 601 omues
747 537 835 601 clara
858 542 884 599 et
905 536 1042 598 iuridiae
1062 535 1175 618 prauis,

429 663 512 706 uuue
529 645 631 727 puluis
652 645 744 726 attus,
768 649 867 705 strata
890 648 963 706 suut
985 642 1116 724 stamma
1138 641 1241 704 omuia
1310 682 1312 686 -

428 757 618 835 superestque
639 755 726 812 uasta
748 769 784 811 eu
806 749 880 812 urbe
898 769 936 810 ue
958 754 1078 811 tautum
1102 747 1233 831 quidem,

430 877 488 940 pua
511 855 604 918 lateat
625 855 737 935 iufaus
762 903 768 916 .
795 903 801 916 .
827 903 834 916 .
861 903 868 916 .

272 963 307 1024 ct
329 978 359 1024 v.
384 963 466 1023 4992
627 995 666 1002 -
693 960 761 1043 quis
782 960 859 1040 feret
881 959 1007 1043 trepidis
1030 957 1137 1042 opem?

228 1074 230 1079 '
431 1068 499 1151 quis
517 1065 672 1150 protepet?
692 1066 746 1149 qui
767 1085 892 1148 semper,
917 1066 1007 1128 etiam
1031 1084 1113 1127 uuuc
1137 1070 1212 1146 tuos,

430 1172 541 1235 Hector
564 1178 655 1236 tuere.
680 1187 727 1247 sq.

273 1276 518 1340 Andromachae
558 1273 728 1339 Ennianae
770 1273 988 1338 condicionem
1029 1273 1191 1338 diversam
1232 1291 1303 1337 esse
1340 1272 1381 1336 ab

272 1382 471 1446 Annaeanae
503 1399 561 1461 per
591 1398 625 1445 se
656 1378 871 1462 intellegitnr3
903 1364 1001 1458 atque
1024 1380 1085 1443 hoc
1106 1379 1246 1444 libenter
1269 1377 1381 1459 opinor

274 1487 430 1552 concedes
470 1486 634 1551 mulierem
652 1499 656 1509 ⁴
675 1485 777 1551 tantis
819 1485 980 1550 aerumnis
1021 1487 1186 1551 obsessam
1227 1482 1382 1567 eiusmodi

275 1597 406 1672 questus
438 1591 621 1656 necessario
654 1591 822 1672 emittere;
865 1610 996 1672 prorsus
1042 1590 1162 1655 similes
1205 1587 1269 1677 scis
1311 1609 1382 1655 esse

273 1699 351 1763 Eur.
375 1699 454 1763 Hoc.
479 1717 509 1763 v.
537 1704 596 1762 157
622 1716 677 1776 sqs
700 1697 755 1761 nbi
778 1698 912 1762 Hecuba
941 1697 990 1762 ita
1020 1697 1181 1788 queritur:
1211 1689 1383 1778 virdumet

273 1829 327 1887 μοι
333 1829 344 1880 ;
374 1806 447 1867 ποία
478 1806 575 1885 γέννα,
607 1805 680 1866 ποία
713 1804 746 1866 δὲ
775 1804 861 1872 πόλις
868 1804 879 1879 ζ
910 1803 1050 1891 φροῦδος
1077 1805 1220 1885 πρέσβυς,
1249 1802 1382 1884 φροῦδοι

273 1913 379 1980 παῖδες
414 1937 442 1974 κ.
465 1936 487 1972 τ.
511 1911 535 1972 λ.
582 1915 616 1973 et
651 1928 733 1988 qnae
770 1910 838 1974 eins
876 1909 1005 1991 generis
1042 1916 1117 1974 sunt
1152 1909 1264 1974 multa.
1323 1927 1382 1972 neo

274 2016 378 2081 minus
401 2015 463 2080 loci
487 2014 660 2080 eommunis
684 2014 788 2079 instar
811 2019 862 2079 est
886 2015 969 2094 qnod
998 2015 1081 2080 muri
1104 2015 1210 2081 eversi
1234 2019 1267 2079 et
1290 2014 1383 2096 regia

275 2123 450 2193 devastata
475 2121 642 2202 deflentur,
667 2122 757 2186 velut
780 2121 853 2186 Son.
878 2142 908 2194 v.
936 2127 973 2186 15
999 2141 1065 2202 sa:

487 2252 524 2292 eu
547 2231 612 2292 atta
635 2232 720 2294 muri
742 2231 851 2293 decora
873 2233 1015 2314 anapestis
1037 2233 1136 2296 iaceat

487 2339 567 2400 tectis
590 2338 711 2420 adusti·
734 2338 850 2420 rapiam
871 2337 1018 2419 starumae
1041 2338 1182 2402 ambiuut

488 2445 643 2527 omnisque
666 2444 724 2505 tate
746 2444 852 2525 fumat
874 2444 1025 2507 Assaraci
1047 2446 1163 2508 damus.

382 2548 428 2611 At
457 2566 519 2612 uno
551 2549 667 2612 saltem
697 2548 766 2612 loco
798 2547 918 2612 accidit
946 2553 983 2612 nt
1006 2547 1129 2613 Seneca
1158 2567 1228 2613 cum
1257 2547 1383 2630 tragico

277 2655 415 2735 quodam
454 2654 562 2735 priore
604 2658 717 2735 aperte
759 2659 926 2737 congruat.
984 2654 1107 2720 Priami
1148 2655 1231 2720 enim
1271 2654 1384 2720 mortis

276 2759 457 2826 narrationi
476 2778 558 2839 quae
577 2759 610 2824 in
629 2780 752 2826 summa
771 2780 791 2824 a
810 2761 937 2842 vulgari
956 2780 1019 2825 non
1037 2761 1182 2826 deflectit
1201 2760 1258 2846 (sc.
1276 2747 1384 2826 senem

277 2868 320 2932 ad
343 2866 437 2933 Jovis
459 2866 579 2931 Hercei
608 2886 698 2931 aram
723 2886 743 2931 a
766 2867 891 2949 Pyrrho
923 2872 1100 2932 mactatum
1130 2887 1210 2949 esse,
1241 2867 1281 2932 cf.
1306 2869 1383 2932 Eur.

278 2977 352 3040 Tro.
375 2982 428 3058 163
455 2975 527 3039 Sen.
548 2981 609 3058 443
633 2976 716 3040 Enn.
736 2976 805 3040 loco
825 2977 1089 3063 supralaudato)
1109 2977 1240 3042 additur
1259 2997 1289 3042 v.
1308 2983 1384 3054 141:

279 3084 370 3170 Sipea
395 3084 512 3168 prauus
539 3085 631 3147 litora
662 3091 797 3149 truncus
845 3083 928 3162 quod
956 3102 1059 3162 neque
1089 3085 1175 3166 apud
1197 3083 1385 3165 Euripidem

276 3207 380 3268 neque
400 3189 485 3269 apud
505 3187 602 3252 alium
621 3187 765 3267 quemvis
785 3188 987 3266 antiquorum
1007 3190 1060 3270 qui
1080 3194 1222 3255 aetatem
1241 3191 1386 3256 tulerunt

277 3294 422 3360 invenies
459 3295 520 3359 nisi
552 3293 586 3359 in
615 3294 735 3359 Pacuv.
768 3293 831 3377 frg.
865 3295 925 3359 inc.
960 3301 1011 3359 33.
1058 3297 1116 3360 sed
1153 3315 1233 3362 cave
1270 3298 1384 3362 credas

278 3402 434 3468 Senecam
457 3402 595 3484 ipsum
617 3401 793 3468 Pacuvium
811 3403 845 3466 in
868 3402 1020 3485 fingenda
1038 3403 1103 3468 ista
1121 3424 1200 3470 voce
1220 3411 1384 3471 auctorem

276 3514 422 3574 secutum
441 3524 527 3592 essc;
552 3509 689 3574 adnotat
709 3508 792 3573 enim
812 3509 902 3575 Serv.
922 3509 955 3574 in
974 3510 1055 3576 Aen.
1075 3511 1108 3576 H
1132 3517 1214 3576 506:
1238 3516 1275 3578 ote
1294 3522 1385 3578 reate

278 3624 380 3680 autem
403 3616 528 3680 Priami
549 3619 634 3680 uarie
656 3617 763 3682 tectum
785 3624 835 3682 est.
882 3619 940 3681 atii
970 3620 1085 3703 dicuat,
1117 3623 1240 3705 quoda
1262 3621 1384 3706 Pyrrha

195 3765 197 3769 .
277 3722 312 3783 iu
343 3722 431 3784 domo
463 3721 584 3805 quidem
614 3742 673 3785 sua
705 3728 809 3805 captus
841 3729 891 3805 est,
924 3724 977 3786 sed
1007 3724 1051 3787 ad
1080 3727 1233 3790 turmatum
1255 3724 1385 3788 Achillis

278 3833 395 3890 tractus
425 3828 595 3921 occisusque
626 3833 667 3889 est
697 3827 785 3890 iuuta
810 3827 933 3912 Sipeum
959 3832 1203 3912 promontorium
1226 3854 1284 3894 —:
1313 3839 1385 3896 tuuc

278 3933 341 3995 cius
368 3939 459 4016 caput
486 3939 568 3995 cauto
594 3931 692 4013 ficum
715 3932 855 4017 Pprrhus
878 3935 1071 3999 circumtulit.
1119 3937 1176 3998 atii
1205 3957 1274 3999 aero
1305 3938 1385 4021 quod

277 4039 367 4100 iurata
402 4037 512 4102 Hercei
546 4038 631 4102 Jaais
667 4060 759 4103 aram
795 4041 941 4104 eatiuctus
975 4043 1014 4104 sit
1049 4042 1155 4106 dicuat
1179 4092 1185 4105 .
1211 4092 1218 4106 .
1249 4050 1275 4106 et
1305 4043 1385 4107 team

278 4144 448 4227 opiuiouem
465 4144 561 4228 piaue
579 4146 716 4229 sequitur
740 4145 899 4230 Verpitius,
923 4147 990 4210 licet
1012 4148 1104 4210 etiam
1126 4144 1214 4210 iilam
1226 4150 1383 4233 praelibet,

278 4257 313 4314 ut
335 4272 389 4315 suo
412 4252 615 4315 iudicauimus
639 4253 709 4315 ioca.
738 4250 823 4315 idem
846 4251 879 4315 in
901 4252 982 4316 Aen.
1006 4253 1040 4316 ΙΙ
1064 4259 1143 4317 557:
1169 4253 1257 4320 ‘iacet
1280 4259 1384 4341 imperas
