3052 4882
257 333 345 400 ·22

297 557 436 603 amorem
468 536 670 623 tractasse,¹)
721 539 893 603 admonere
933 538 986 603 hic
1022 544 1075 603 sat
1111 546 1162 603 est
1199 539 1295 604 alium
1333 557 1402 603 esse

296 663 437 709 amorem
468 644 675 726 concubinae,
714 644 811 709 alium
846 663 1004 710 novercae
1037 649 1072 710 et
1098 644 1270 710 Phoenicis
1299 663 1403 710 mores

296 770 390 831 quem
412 750 578 833 Euripidis
600 750 761 831 Enniique
784 750 969 833 fragmenta
1001 752 1174 816 ostendunt
1196 751 1310 816 melius
1334 770 1404 815 cum

296 858 512 923 Romanorum
530 861 649 922 natura
667 857 870 937 moribusque
889 858 1061 924 convenire
1079 877 1175 937 quam
1193 857 1405 939 Hippolytum

297 963 352 1048 (cf.
377 963 470 1029 Ribb.
503 964 558 1027 Tr.
590 962 629 1026 R.
653 983 684 1044 p.
712 962 798 1047 192).
837 963 877 1027 de
912 962 1005 1027 Accii
1041 968 1149 1028 autem
1171 962 1404 1044 Amphitruone

297 1068 364 1154 (vel
377 1069 547 1134 Persidis?
568 1068 609 1133 cf.
625 1068 719 1133 Ribb.
735 1068 812 1133 Ace.
827 1071 858 1135 v.
874 1067 932 1151 82⁸3
958 1069 1012 1132 Tr.
1027 1069 1066 1133 R.
1082 1090 1113 1151 p.
1129 1068 1208 1153 557)
1224 1068 1404 1150 opinionem

297 1178 339 1241 ab
353 1177 523 1258 Hartungo
539 1175 760 1255 Schoelhoque
773 1173 973 1260 prolatam,²)
983 1176 1088 1240 latere
1102 1175 1136 1241 in
1155 1194 1195 1240 ea
1213 1175 1298 1241 idem
1313 1195 1405 1257 argu·

297 1285 439 1346 mentum
482 1281 566 1361 quod
603 1281 681 1345 Eur.
712 1281 846 1345 Herculi
875 1280 936 1345 fur.
968 1281 1079 1362 subsit,
1110 1300 1181 1345 cum
1208 1280 1404 1346 Ribbeckius

193 1467 198 1476 ι
298 1395 367 1453 tum
390 1387 574 1470 fragmenta
596 1388 712 1453 falsam
737 1406 808 1453 esse
831 1387 908 1452 mihi
930 1393 1171 1469 persuaserunt.
1210 1387 1346 1467 denique
1368 1393 1405 1453 ut

298 1495 398 1561 etiam
420 1497 480 1559 hoe
503 1495 674 1578 attingam,
706 1494 805 1559 Accio
830 1495 1025 1560 Trachinlae
1048 1495 1161 1560 fabula
1184 1514 1254 1560 eam
1277 1494 1342 1559 iam
1365 1496 1404 1559 ob

297 1621 366 1666 rem
389 1601 493 1666 minus
517 1600 715 1665 confidenter
741 1605 850 1681 potest
874 1601 1054 1666 adiudicari
1086 1601 1169 1680 quod
1188 1620 1301 1666 versus
1320 1601 1405 1682 apud

297 1708 362 1773 Cic.
392 1708 485 1772 Tusa.
514 1707 556 1789 ll,
589 1713 619 1788 8,
645 1713 696 1787 20,
730 1706 843 1786 quihus
874 1707 951 1772 talis
981 1707 1119 1788 suspicio
1149 1707 1210 1772 niti
1239 1706 1350 1788 possit,
1385 1726 1405 1771 a

298 1814 451 1880 Cicerone
474 1813 543 1895 ipso
562 1812 716 1877 translati
739 1817 815 1878 sunt
838 1811 892 1897 (cf.
913 1814 1074 1879 Welcker.
1100 1814 1154 1877 Tr.
1175 1814 1231 1880 Gr.
1251 1834 1282 1894 p.
1305 1811 1403 1895 1386)

298 1927 333 1986 et
354 1939 460 2002 pauca
482 1919 669 2000 fragmenta
690 1918 818 1984 incerta
841 1917 931 2005 (Aac.
947 1919 1008 1985 inc.
1024 1919 1090 1984 fab.
1109 1925 1158 1984 16.
1177 1924 1215 1985 17
1230 1938 1261 1985 v.
1279 1925 1340 1982 669
1356 1937 1403 1998 sq.

298 2032 332 2091 et
350 2025 412 2092 inc.
432 2025 494 2090 ino.
514 2024 580 2090 fab.
602 2012 649 2090 36
661 2045 692 2093 v.
714 2025 780 2109 70),
805 2025 963 2106 siquidem
985 2027 1047 2091 huc
1066 2031 1226 2107 spectant,
1247 2026 1289 2090 ad
1308 2025 1405 2090 aliam

219 2168 222 2179 .
298 2132 441 2197 fabulam
465 2136 539 2196 sunt
561 2130 733 2196 referenda
757 2129 864 2215 (Ribb.
890 2132 944 2196 Tr.
968 2132 1007 2196 R.
1032 2152 1063 2212 p.
1088 2128 1207 2216 560).³)

256 2248 258 2251 ’
404 2237 527 2302 Vereor
549 2256 604 2301 ne
640 2236 734 2301 nimis
767 2236 893 2318 copiose
931 2241 1007 2302 acta
1043 2257 1142 2320 agere
1178 2236 1302 2303 videar.
1348 2237 1406 2301 sed

299 2363 402 2408 meum
444 2343 521 2408 duxi
560 2343 594 2408 in
634 2343 728 2408 huius
769 2339 1001 2424 disquisitionis
1042 2349 1195 2409 contextu
1236 2344 1406 2408 ostendere

300 2454 499 2531 quantopere
513 2448 642 2515 fabulae
655 2450 854 2515 Annaeanae
877 2454 996 2515 natura
1020 2455 1054 2515 et
1066 2450 1194 2516 ratione
1208 2452 1250 2516 ab
1265 2449 1406 2529 antiquis

299 2555 453 2620 Romanis
468 2555 618 2621 diversae
632 2554 754 2621 fuerint
773 2561 807 2621 et
821 2576 916 2636 quam
931 2562 1179 2622 consentaneum
1194 2556 1237 2621 sit
1251 2555 1406 2621 Senecam

300 2682 383 2743 quae
421 2663 463 2727 ad
503 2662 631 2726 fabulas
673 2661 921 2727 conscribendas
962 2682 1041 2744 opus
1082 2663 1233 2729 hahuerit
1269 2683 1309 2728 ea
1344 2682 1407 2727 non

299 2769 445 2833 hausisse
479 2787 496 2833 e
527 2768 618 2833 fonte
650 2787 670 2832 a
701 2767 856 2833 Romanis
879 2770 1019 2851 turbato,
1058 2769 1116 2834 sed
1145 2788 1163 2834 e
1195 2769 1315 2848 liquido
1347 2768 1408 2834 sin·

301 2894 439 2955 ceroque
461 2875 597 2941 Graeco.

408 3122 428 3191 ¹)
447 3122 586 3176 Ribbechii
606 3122 693 3190 opinio
713 3122 770 3191 (Tr.
785 3123 817 3176 R.
836 3139 861 3190 p.
881 3125 933 3175 526
952 3125 1002 3191 sq.)
1021 3123 1095 3176 Accii
1113 3123 1304 3178 Athamantem
1323 3125 1409 3194 egisse

301 3213 334 3266 de
360 3211 513 3277 Demodica
542 3211 651 3265 Orethei
678 3227 769 3279 uxore,
802 3228 869 3279 quae
896 3227 986 3266 amore
1012 3211 1121 3265 incensa
1147 3218 1207 3266 erat
1232 3213 1334 3279 Phrixi,
1361 3213 1410 3267 filii

300 3300 480 3367 Athamantis
500 3301 545 3368 qui
562 3301 649 3356 frater
667 3307 727 3355 erat
745 3301 862 3367 (hethei,
880 3299 1040 3370 fragmentis
1057 3301 1103 3354 vix
1120 3301 1255 3368 probatur.

408 3389 429 3458 ²)
461 3391 632 3459 Hartungus,
665 3390 815 3458 Sophocles'
848 3390 1000 3458 fragmente
1031 3407 1056 3457 p.
1086 3392 1136 3443 149
1168 3407 1206 3458 sq.
1256 3390 1410 3458 Schoellius,

302 3478 564 3546 Sophocles'Werhe
583 3479 758 3533 verdeutseht
776 3496 801 3532 n.
822 3478 931 3533 erhldrt.
951 3479 1138 3534 &Bandchen
1158 3479 1410 3535 Trachienerinnen.

302 3584 326 3635 p.
346 3569 398 3620 256
417 3583 454 3633 sq.

340 3657 345 3663 “
409 3655 430 3723 ³)
457 3654 524 3708 nihil
542 3655 617 3709 nobis
634 3657 747 3724 praehet
764 3656 877 3710 Schultii
905 3656 1174 3711 commentatiuncula
1208 3661 1340 3724 (Bemerlc.
1360 3678 1413 3712 zur

238 3813 241 3818 .
304 3749 546 3812 Senecatropoedie.
562 3763 659 3814 propr.
674 3749 783 3800 Rheiae.
803 3749 883 3812 1886)
906 3762 958 3813 qna
973 3746 1156 3800 demonstrare
1170 3751 1282 3800 conatur
1296 3748 1412 3801 Senecae

303 3833 464 3902 tragoedias,
484 3850 642 3901 quamquam
660 3834 752 3888 multis
772 3835 851 3889 rebus
874 3833 1001 3906 differant
1013 3834 1046 3887 ab
1061 3834 1186 3902 antiquis,
1204 3835 1233 3888 in
1246 3835 1413 3904 argumentis

292 3927 393 3975 tamen
417 3922 555 3992 eligendis
579 3923 695 3977 moribus
721 3922 906 3990 exprimendis
930 3922 1069 3977 affectibus
1089 3922 1263 3992 depingendis
1282 3941 1340 3978 curn
1358 3924 1413 3979 illis

303 4010 453 4064 convenire.
490 4011 524 4064 ad
543 4011 692 4079 opinionem
711 4028 785 4065 snam
804 4010 990 4066 stabiliendam
1019 4011 1134 4079 exphcat
1152 4011 1291 4078 Thyesten
1308 4013 1413 4066 Annae-

303 4115 389 4151 anam.
426 4100 496 4165 qnod
514 4117 531 4153 a
548 4116 611 4154 vero
630 4101 722 4154 abesse
742 4116 773 4154 ea
792 4115 859 4166 quae
878 4116 958 4167 supra
977 4100 1069 4154 eadem
1088 4117 1140 4167 qua
1153 4101 1207 4153 Leo
1226 4101 1331 4155 ratione
1349 4117 1413 4155 usus

254 4253 256 4256 Ι
304 4188 412 4253 exposui
432 4189 566 4242 evincunt.
585 4189 668 4242 Leoni
687 4189 829 4243 novissime
847 4189 1028 4256 adstipuletur
1047 4190 1344 4245 TachauWocheaschr.
1364 4195 1413 4258 scir
1463 4217 1465 4224 ·

304 4280 387 4331 lclosa.
403 4280 559 4348 philologio.
580 4279 631 4332 vol.
650 4282 675 4331 4.
695 4281 787 4347 (1887)
808 4279 857 4332 col.
877 4281 1007 4332 915-18.
