3052 4882
1266 349 1309 416 11

312 558 404 641 Quae
428 562 589 638 hucusque
614 560 654 623 de
679 559 820 623 Senecae
845 558 960 622 studiis
981 542 1140 622 Ennianis
1165 556 1230 621 dixi
1255 575 1318 620 non

209 667 321 748 opinor
353 667 413 731 tibi
441 665 607 748 continget
636 671 674 730 ut
706 665 854 746 sequenti
885 666 954 729 loco
978 669 1119 730 evertes.
1165 663 1198 728 in
1222 663 1317 745 epist.

209 773 293 837 enim
317 779 368 854 58,
395 779 411 837 1
437 790 483 852 sq.
523 771 646 837 Seneca
670 772 949 837 demonstraturus
971 771 1090 836 multas
1113 788 1166 835 res
1190 770 1319 835 nomina

209 879 397 944 aRomanis
411 879 464 944 vel
484 877 610 942 omnino
629 896 692 942 non
711 877 876 959 accepisse
890 878 944 944 vel
963 881 1099 958 accepta
1116 876 1181 941 iam
1201 876 1319 942 dudum

161 972 163 976 Α
208 985 388 1068 perdidisse
425 986 545 1051 formas
577 983 671 1049 affert
708 985 878 1050 nonnrdlas
912 1004 931 1049 a
962 983 1108 1066 Vergilio
1144 987 1319 1064 usurpatas

209 1111 328 1173 easque
358 1111 414 1157 suo
446 1092 511 1157 iarn
540 1096 686 1172 tempore
718 1090 899 1156 exstinctas
928 1089 1031 1157 veluti
1061 1093 1167 1175 asilus,
1199 1113 1320 1156 1111111

207 1201 293 1282 ferro
328 1201 408 1263 iuter
442 1220 480 1263 se.
528 1196 645 1262 deinde
672 1196 781 1279 pergit
813 1194 880 1282 (5):
917 1218 980 1261 111
1007 1199 1041 1261 id
1071 1217 1129 1281 apo
1158 1217 1240 1261 uuae
1262 1198 1320 1261 bac

208 1306 376 1390 dilipeutia,
401 1312 435 1370 ut
456 1306 612 1368 1111111111
636 1311 786 1388 quamtum
808 1305 950 1390 temporis
973 1305 1059 1388 apud
1079 1305 1318 1387 qrammatieum

203 1412 404 1496 perdiderim,
432 1413 485 1474 sed
514 1418 548 1474 ut
574 1431 609 1473 11
635 1410 688 1474 boa
711 1411 867 1495 iutellepas
897 1417 1047 1494 queat-um
1070 1411 1156 1494 apud
1178 1409 1319 1474 Eauium

208 1519 385 1581 adoriam
407 1518 566 1581 uerborum
588 1518 665 1580 situs
683 1519 877 1601 occupaverit,
902 1538 971 1581 cum
994 1518 1079 1600 apud
1101 1516 1181 1579 buua
1205 1536 1320 1600 quoque

209 1620 267 1706 (sc.
292 1619 430 1707 Vergil.)
460 1625 513 1707 qui
535 1625 641 1688 cotidie
664 1625 816 1688 excutitur
839 1625 946 1707 aliqua
969 1623 1055 1686 uobis
1076 1622 1226 1686 subducta
1248 1623 1318 1685 siut.

208 1728 282 1793 istis
305 1746 323 1792 e
347 1728 456 1793 verbis
479 1727 608 1792 minime
632 1727 660 1792 si
684 1726 761 1807 quid
783 1727 878 1793 video
898 1727 1043 1807 sequitur
1062 1726 1263 1808 scriptorem,
1284 1730 1319 1790 ut

208 1854 266 1916 pro
286 1838 375 1899 certo
394 1834 474 1899 illud
491 1834 727 1916 pronuntiaret,
752 1853 883 1914 operam
902 1833 1030 1898 dedisse
1049 1832 1147 1898 Ennii
1165 1832 1320 1912 Acciique

209 1940 415 2005 carminibus.
460 1945 539 2005 nota
562 1939 710 2004 nimirum
733 1939 773 2004 de
796 1944 932 2020 utroque
955 1942 1053 2021 poeta
1076 1956 1129 2003 res
1153 1941 1234 2003 erat.

314 2083 384 2147 Iam
406 2083 493 2147 locos
517 2081 560 2146 ad
582 2082 786 2164 tragoediam
805 2088 992 2164 spectantes
1016 2082 1277 2163 contemplemur,
1302 2101 1320 2146 e

210 2188 324 2268 quibus
338 2188 372 2253 in
382 2186 513 2252 exordio
525 2206 642 2269 ponam
657 2206 708 2268 ep.
721 2194 751 2269 S,
762 2194 799 2253 S:
815 2212 909 2275 quam
921 2191 1234 2275 multipoetaedicuut
1243 2211 1321 2274 quae

202 2297 389 2382 pbilosophis
407 2304 463 2361 aut
485 2298 569 2360 dictu
591 2304 664 2361 suut
687 2304 742 2360 1111
760 2298 908 2361 diceudo!
930 2319 992 2361 mou
1011 2298 1172 2382 adtiupam
1191 2298 1321 2381 tropicos

209 2424 262 2467 uec
284 2410 400 2488 topatus
423 2411 552 2468 rostras,
598 2404 708 2467 babeat
739 2406 820 2467 euim
842 2404 900 2468 bae
929 2426 1044 2489 quoque
1073 2405 1194 2488 aliquid
1216 2404 1320 2467 seueri·

210 2511 281 2573 tatis
310 2516 336 2572 et
362 2515 435 2572 sumt
462 2511 541 2572 iuter
564 2511 730 2573 comoedias
758 2532 795 2573 ue
816 2510 989 2595 troipoedios
1012 2512 1139 2574 mediae.
1170 2516 1321 2595 quamtum

210 2617 479 2681 disertissimorum
515 2638 656 2681 uersuum
692 2618 772 2680 iuter
812 2619 919 2680 mimos
956 2619 1045 2681 iacet!
1090 2639 1183 2701 quam
1224 2617 1320 2680 multa

209 2723 338 2788 Publilii
367 2743 428 2784 111
456 2723 641 2806 excalceatis,
672 2725 725 2787 sed
747 2723 936 2788 cothurnatis
959 2725 1089 2786 diceudo
1112 2724 1203 2787 suut!
1239 2740 1269 2799 q.
1295 2739 1319 2784 s,
1373 2758 1376 2760 ·

210 2826 365 2892 similibus
394 2826 504 2891 verbis
538 2826 661 2891 Seneca
691 2827 793 2893 utitur
826 2828 901 2892 dial.
925 2828 983 2909 IX,
1016 2834 1065 2907 li,
1091 2835 1127 2892 8:
1157 2829 1319 2911 Publilius,

210 2937 334 3022 tropicis
375 2937 550 3021 comicisque
589 2917 786 3000 aeberaeutior
826 2939 966 3021 iupeuiis,
1008 2938 1142 3022 quotieas
1182 2938 1321 2999 mimicas
1376 2955 1380 2963 ’

211 3042 339 3125 iueptias
371 3048 398 3104 et
428 3041 518 3105 uerba
558 3043 601 3104 od
640 3065 793 3105 summam
830 3065 950 3106 caueam
986 3044 1152 3127 spectantia
1189 3042 1319 3125 reliquit,

212 3149 291 3211 iuter
312 3149 409 3212 multu
432 3150 498 3213 aliu
520 3150 673 3234 eotburuo,
698 3172 759 3214 uou
782 3158 901 3216 tautum
924 3153 1041 3234 sipario
1064 3152 1197 3231 fortiora
1220 3157 1246 3212 11
1267 3149 1321 3211 boc

211 3256 275 3318 uit:
312 3257 404 3319 cuiuis
433 3263 531 3341 potest
567 3259 701 3320 accidere
737 3260 818 3342 quod
858 3259 1002 3342 reliquam
1033 3263 1129 3341 potest
1171 3252 1321 3338 (eundem

211 3378 338 3425 versum
367 3359 493 3426 invenis
517 3360 592 3425 dial.
624 3361 679 3444 VI,
711 3368 740 3443 9,
773 3360 817 3447 5).
864 3381 946 3441 quae
981 3361 1087 3425 omnia
1119 3359 1253 3441 repetiit
1280 3377 1320 3423 ex

210 3463 315 3547 patris
333 3463 426 3546 libro,
446 3463 486 3530 of.
508 3471 609 3531 contr.
624 3466 688 3531 VH
704 3473 733 3547 3,
755 3474 774 3530 S
800 3465 864 3551 (ed.
884 3465 1018 3551 Kiessl.)
1046 3469 1170 3531 Cassius
1185 3467 1319 3550 Seuerus,

209 3595 347 3639 summus
365 3573 481 3638 Publili
504 3583 632 3659 amator,
658 3576 758 3640 aiebat
780 3597 841 3639 uou
866 3577 947 3639 illius
969 3577 1022 3639 boe
1044 3577 1152 3639 *uitium
1176 3595 1244 3656 esse,
1268 3575 1322 3636 sed

211 3681 436 3764 111111111-
453 3717 493 3724 -
509 3684 588 3757 [aaa
602 3683 817 3757 imitaremur]
831 3704 909 3766 quae
928 3683 1039 3767 apud
1062 3703 1147 3745 eum
1170 3703 1200 3742 m
1211 3681 1321 3743 elius

211 3792 348 3849 esseut
379 3786 496 3848 dicta
533 3809 651 3871 queam
689 3788 800 3872 opud
841 3809 1081 3872 qrueuiquam
1122 3783 1320 3850 comicum

210 3893 506 3977 trepidumque
547 3900 603 3958 out
639 3895 815 3957 Romanum
857 3901 911 3958 out
951 3895 1124 3977 Graecum,-
1164 3899 1198 3957 ul
1234 3893 1321 3956 illum

211 4017 329 4061 uersum
352 4019 410 4082 quo
433 3999 533 4062 aiebat
556 4021 652 4064 111111
676 4021 794 4063 uersum
818 4002 949 4064 iuaeuiri
971 4022 1032 4063 111
1050 4021 1137 4084 posse
1155 3999 1321 4062 meliorem:

370 4146 433 4202 tam
456 4141 519 4203 dest
542 4163 637 4204 oraro
660 4145 741 4226 quod
763 4142 849 4205 babet
873 4164 966 4227 quam
991 4144 1071 4229 quod
1093 4163 1154 4206 uou
1176 4141 1277 4225 hoba,-

211 4284 238 4342 el
262 4279 348 4342 illum
371 4283 408 4345 de
431 4283 533 4346 eudem
558 4304 590 4345 re
608 4284 758 4351 aurium
