3052 4882
210 322 259 389 60

206 530 270 589 τῶν
279 525 386 596 Ἰνοῦς.
407 527 570 609 Thyesten
585 527 634 592 ita
648 527 764 608 pannis
778 531 899 593 tectum
912 527 1095 610 Euripides,
1111 531 1148 593 ut
1162 525 1316 592 arbitrari

207 631 295 714 licet,
315 652 379 698 non
397 633 469 697 ideo
488 633 616 698 induxit
633 636 670 698 ut
683 633 934 699 misericordiam
953 638 1107 716 moveret,
1127 634 1186 701 sed
1204 633 1316 699 eodem

209 738 370 804 —sicuti
400 759 499 822 supra
527 739 665 805 vidimus
690 779 730 786 —
762 740 849 821 apud
877 740 1016 805 Ennium
1047 739 1190 806 11111111.
1235 741 1317 806 haec

208 845 314 927 opinio
336 849 390 914 vel
410 866 447 912 eo
472 845 652 911 confirmari
680 847 757 911 mihi
779 848 910 914 videtur
940 848 1024 927 quod
1054 847 1216 930 Thyestes
1246 866 1317 912 cum

208 952 332 1018 duabus
368 952 433 1018 illis
469 952 588 1017 fabulis
624 953 807 1018 nominatur
842 955 876 1018 in
907 953 1021 1034 quihus
1057 971 1195 1035 persona
1232 973 1315 1034 quae

207 1059 328 1142 primas
351 1064 463 1142 partes
483 1059 554 1142 agit
576 1059 724 1125 fallacias
748 1060 902 1126 contexit.
1201 1138 1202 1141 Ἴ

312 1167 459 1231 Eandem
481 1166 624 1231 fabulam
642 1167 853 1248 Euripideam
877 1169 918 1232 ab
936 1166 1035 1231 Accio
1059 1165 1221 1232 redditam
1244 1185 1316 1232 esse

208 1292 368 1353 exponere
391 1272 494 1339 voluit
518 1274 709 1355 Hartungus
738 1273 828 1358 (Eur.
848 1279 927 1339 rest.
947 1294 978 1355 p.
1000 1279 1062 1338 170
1082 1292 1148 1355 sq.;
1170 1279 1231 1338 183
1252 1274 1314 1359 sq.)

208 1379 292 1459 quod
316 1379 346 1444 ei
368 1399 433 1444 non
455 1398 608 1461 prospere
637 1379 745 1462 cessit,
775 1380 851 1460 quia
875 1400 956 1460 quae
980 1379 1100 1445 adtulit
1123 1384 1315 1462 argumenta

207 1486 296 1551 nulla
332 1490 416 1551 sunt.
463 1485 496 1550 in
532 1486 675 1551 Acciana
716 1486 800 1551 enim
841 1486 952 1552 fabula
988 1486 1109 1551 Atreus
1150 1487 1315 1569 Thyesten

207 1592 409 1657 iteratae
438 1591 561 1657 fraudis
592 1595 725 1658 accusat
754 1593 909 1673 simudque
936 1596 1051 1658 narrat
1081 1611 1162 1672 quas
1190 1592 1314 1674 priores

207 1697 338 1764 fraudes
374 1698 430 1764 ille
467 1698 626 1778 quondam
662 1699 778 1764 fecerit
814 1699 902 1784 (vide
933 1698 996 1782 frg.
1034 1704 1052 1762 3
1090 1717 1121 1764 v.
1155 1704 1217 1763 198
1247 1718 1313 1782 sq.;

207 1803 270 1886 frg.
301 1804 410 1890 6-8).
456 1806 517 1869 hoc
548 1824 612 1869 non
641 1805 801 1885 quadrare
834 1805 882 1870 ait
909 1806 1100 1887 Hartungus
1130 1804 1315 1886 111811111-

208 1912 309 1976 cleam
327 1910 480 1992 fabulam,
505 1930 574 1976 cum
599 1912 742 1976 scholion
764 1912 797 1977 in
826 1912 903 1977 Eur.
928 1911 1034 1976 Orest.
1063 1917 1127 1976 800
1152 1911 1230 1996 (812
1258 1912 1313 1997 1).)

208 2017 321 2082 tradat
364 2017 450 2099 apud
492 2017 680 2098 Sophoclem
725 2019 849 2083 scelera
894 2017 1067 2084 novissime
1108 2038 1128 2083 a
1169 2019 1316 2102 Thyesta

208 2124 377 2189 commissa
407 2143 478 2188 esse
509 2127 543 2188 et
565 2123 701 2189 Atreum
724 2125 827 2206 ipsum
850 2144 950 2207 regno
987 2125 1150 2206 privatum
1178 2125 1314 2191 fratrem

206 2235 397 2312 regnantem
421 2229 541 2294 ulcisci.
567 2230 625 2294 sed
647 2250 711 2296 111
733 2250 812 2312 opus
844 2235 895 2296 est
917 2232 1123 2314 Hartungum
1149 2230 1313 2297 refellam:

208 2337 321 2418 delego
340 2340 374 2401 te
393 2337 436 2400 ad
454 2337 669 2418 Welekerum,
690 2339 743 2402 Tr.
760 2338 815 2403 Gr.
835 2358 866 2418 p.
888 2342 960 2418 365,
980 2337 1035 2403 ubi
1054 2337 1209 2417 quomodo
1228 2337 1314 2403 illius

207 2442 401 2508 scholiastae
424 2443 644 2525 intellegenda
667 2444 711 2509 sit
733 2444 877 2509 narratio
898 2444 1087 2525 explicatur.
1111 2443 1196 2509 idem
1219 2463 1315 2526 porro

206 2550 396 2632 Hartungus
415 2549 570 2615 exscribit
588 2551 686 2615 schol.
706 2551 740 2614 in
754 2549 808 2614 Or.
825 2557 887 2614 989
909 2549 1312 2635 (9981).)1111111111111ε

207 2660 261 2743 qui
274 2658 438 2743 &tripictis
456 2661 546 2723 serbo
564 2660 792 2723 accuratissime
810 2659 980 2722 reddidisse
992 2659 1112 2722 videtur
1125 2666 1151 2723 et
1165 2661 1208 2722 dd
1225 2660 1315 2724 ilium

206 2766 389 2828 umuiootiro
405 2773 566 2848 prouocat:
590 2763 771 2845 φιλονεικίας
794 2765 889 2845 οὔσης
912 2800 952 2808 -
972 2763 1092 2845 Ἀιρεὺς
1119 2763 1315 2845 ἒπηννέλλαο

207 2871 301 2943 δεῖξαι
321 2870 400 2952 πρὸς
422 2870 462 2933 τὸ
493 2872 767 2952 deputassent
798 2871 903 2952 αὐτῷ
933 2870 1000 2952 τὴν
1026 2871 1231 2952 βασιλείαν
1259 2868 1313 2954 (cf.

207 2973 339 3062 ‘repeti
373 2979 622 3042 stabilimen
658 2975 760 3061 iuei’)
788 2977 1002 3058 χρυσόμαλλον
1025 2978 1057 3039 ἓν
1083 2983 1144 3046 τοῖς
1165 2977 1316 3058 ποιμνίοις

206 3085 299 3146 αὐτοῦ
323 3084 417 3165 ἄρνα·
441 3084 516 3165 ἢνὸ
543 3082 678 3165 Θυέστης
700 3083 802 3165 λάθρα
831 3082 916 3164 παρὰ
945 3089 997 3165 τῆς
1014 3082 1163 3166 Ἀερόπης
1192 3084 1315 3165 αἰτήσας

206 3190 330 3271 ἔλαβεν]
354 3215 381 3253 κ.
405 3214 427 3251 ι.
450 3191 474 3252 λ.
521 3189 727 3254 consentiunt
762 3188 890 3268 quidem
927 3190 1028 3254 verba
1063 3188 1121 3253 illa
1158 3188 1315 3253 distincta

206 3295 262 3380 (ex
284 3295 346 3380 frg.
371 3303 444 3362 81.
471 3296 804 3381 21011111111111111,
836 3295 1040 3360 consentiunt
1073 3314 1197 3375 quoque
1227 3294 1315 3360 inter

205 3421 241 3468 se
265 3422 347 3483 quae
370 3407 531 3485 secuntur,
555 3403 613 3467 sed
638 3403 692 3482 qui
714 3402 749 3467 id
771 3401 897 3485 magnit
919 3402 1009 3484 iacit,
1032 3402 1195 3468 faciat-
1218 3401 1315 3469 fidem

205 3510 269 3576 sibi
291 3529 355 3575 non
378 3510 572 3575 conciliabit.

311 3617 357 3681 At
378 3616 541 3681 Accianae
564 3615 695 3682 fabulae
719 3616 807 3681 aliud
827 3618 992 3697 exemplar
1011 3616 1188 3682 subiectum
1211 3615 1312 3683 fuisse

206 3723 372 3805 concedes
397 3723 425 3788 si
447 3725 528 3788 haec
551 3723 818 3789 consideraveris.

311 3829 409 3894 Ennii
433 3830 592 3912 Thyestes
619 3829 653 3921 11
685 3848 835 3895 scaenam
866 3829 988 3910 prodiit
1019 3830 1222 3895 1110111.
1249 3835 1310 3896 169

206 3958 267 4018 quo
294 3917 393 4017 poeta
422 3936 491 4018 ipse
522 3939 657 4000 mortem
681 3936 762 4000 obiit
793 3935 872 4020 (011.
900 3937 992 4000 Brut.
1027 3943 1078 4018 20,
1113 3939 1183 4021 78);
1220 3936 1312 4001 Accii

205 4045 326 4109 Atreus
363 4063 458 4124 quam
495 4046 606 4107 auctor
636 4061 744 4107 coram
772 4042 915 4108 Pacuvio
946 4043 1081 4107 Tarenti
1111 4043 1313 4109 recitaverat

207 4149 252 4234 (v.
285 4169 383 4232 supra
414 4170 444 4231 p.
480 4154 518 4213 15
551 4149 641 4233 adn.)
673 4148 759 4213 inter
788 4148 908 4230 primas
939 4147 1067 4214 fabulas
1099 4151 1140 4214 ab
1172 4168 1209 4214 eo
1242 4168 1312 4214 con·

206 4257 347 4339 scriptas
365 4256 563 4322 numeranda
581 4256 792 4337 ponendaque
812 4259 863 4323 est
875 4254 1015 4323 tortasse
1029 4255 1063 4322 in
1077 4275 1106 4321 a.
1125 4261 1185 4321 139
1201 4254 1309 4341 (Ribb.
