3052 4882
231 322 275 393 12

386 535 496 599 desunt
519 536 663 598 luxoriae
685 535 792 617 mutto,
817 535 969 597 auaritiae
991 535 1097 597 omnio
1130 535 1164 596 et
1183 549 1212 610 q.
1232 549 1258 595 S.
1283 528 1339 614 (cf.

229 637 301 704 Son.
327 658 377 719 ep.
404 644 477 720 roe,
502 637 548 723 e).

335 745 432 809 Tales
446 763 560 810 versus
575 763 593 809 e
607 744 711 810 mimis
725 748 896 826 excerptos
911 747 1022 808 notum
1037 748 1088 808 est
1102 742 1136 808 in
1145 742 1183 807 L.
1196 742 1340 809 Senecae

228 851 320 916 libris
350 851 479 933 saepius
511 856 635 916 extare.
673 870 756 932 quae
792 869 845 916 res
878 850 932 930 qui
970 849 1149 932 explicetur
1181 849 1246 915 iam
1278 869 1341 914 non

230 975 384 1038 quaeres3
427 956 539 1021 mimos
572 956 656 1021 enim
688 956 757 1023 eius
793 959 905 1021 aetate
942 974 1014 1020 eum
1049 954 1271 1037 praevaluisse
1308 954 1342 1020 in

229 1081 347 1127 scaena
365 1067 434 1126 tum
454 1061 606 1144 Senecae,
628 1068 665 1127 ut
684 1062 735 1127 cui
753 1062 877 1127 rhetori
896 1061 981 1127 idem
1000 1065 1089 1127 esset
1107 1060 1342 1126 sententiarum

229 1168 441 1252 singularium
468 1169 618 1250 studium,
650 1188 850 1250 summopere
880 1168 1043 1251 placuisse
1072 1186 1182 1232 omnes
1212 1169 1339 1232 norunt.

336 1276 480 1341 Transeo
518 1277 560 1341 ad
597 1276 740 1359 singulos
771 1295 885 1343 versus
921 1275 1081 1357 repetitos
1113 1293 1131 1340 e
1162 1273 1341 1358 tragoediis

230 1387 341 1465 quales
364 1405 497 1467 perraro
521 1387 658 1468 reperiri
681 1407 781 1469 supra
804 1386 964 1451 admonui.
989 1391 1023 1450 et
1045 1385 1183 1467 primum
1202 1384 1342 1449 animad-

229 1496 395 1558 vertamus
423 1511 473 1573 ep.
501 1499 573 1574 102,
610 1498 650 1558 14
674 1512 731 1574 sq,
766 1493 822 1558 ubi
851 1491 1035 1558 differentia
1065 1510 1148 1572 quae
1177 1494 1227 1557 est
1255 1491 1342 1556 inter

229 1617 325 1664 voees
349 1599 421 1663 laus
445 1603 479 1663 et
501 1599 646 1665 laudatio
675 1599 872 1680 explicatur:
909 1601 1020 1665 tondat
1056 1601 1110 1685 qut
1145 1600 1341 1664 laudandum

230 1729 288 1770 csse
311 1709 437 1771 iudicat.
462 1729 530 1772 cura
553 1710 687 1792 tropicus
710 1709 759 1772 tue
782 1710 868 1793 opud
897 1729 951 1771 nos
975 1709 1028 1791 cit,
1052 1707 1251 1792 mapnificum
1283 1727 1343 1770 esse

230 1816 399 1878 laudari
422 1837 442 1878 o
465 1816 632 1879 laudato
655 1817 755 1898 otro,
786 1817 878 1879 luade
907 1816 1001 1899 clipeo
1031 1816 1084 1879 ott.
1110 1822 1136 1878 et
1158 1835 1226 1878 cum
1249 1835 1343 1898 coquo

231 1923 377 2006 antiquus
395 1929 485 2006 pocta
504 1923 598 1985 dicit:
621 1924 690 1986 locs
713 1924 769 1986 ottt
791 1929 882 1986 artes.
908 1924 942 1985 et
956 1940 986 2001 q.
1002 1939 1028 1985 s.
1052 1938 1185 2000 quorum
1203 1918 1343 2000 priorem

231 2045 360 2092 versum
388 2045 405 2090 e
436 2026 553 2092 Naevii
582 2027 724 2092 Hectore
755 2026 919 2092 Proficisc.
953 2025 1029 2111 (ing.
1056 2034 1074 2092 2
1098 2046 1129 2092 v.
1156 2031 1206 2091 17.
1230 2023 1341 2110 Ribb.)
1430 2111 1432 2116 Ι

232 2135 366 2198 allatum
389 2133 501 2217 Cicero
525 2138 577 2199 ter
597 2134 738 2216 exhibet,
762 2135 899 2217 primum
919 2135 1013 2200 Tusc.
1032 2134 1080 2199 IV
1099 2139 1150 2216 31,
1171 2140 1226 2198 67:
1251 2136 1343 2199 aliter

231 2243 311 2304 caim
334 2223 513 2306 Naeuianus
542 2244 591 2306 illc
616 2244 732 2326 pandet
753 2242 883 2306 Hector:
925 2239 1031 2306 ‘laetas
1053 2263 1122 2306 eum
1144 2243 1274 2318 laudari
1296 2262 1342 2304 rac

233 2348 285 2410 obs
308 2355 344 2431 tc,
362 2356 463 2432 poter,
488 2370 508 2411 a
532 2350 659 2413 laudato
682 2351 772 2433 oiro';
796 2347 913 2412 deinde
937 2366 986 2427 ep.
1011 2346 1062 2411 ad.
1087 2345 1162 2411 fam.
1186 2345 1285 2428 Vin,
1311 2351 1341 2409 S.

232 2451 343 2516 Cicero
368 2451 452 2517 enim
475 2472 495 2517 a
518 2452 657 2518 Lucceio
681 2457 796 2535 petens
818 2457 855 2518 ut
878 2471 993 2518 nomen
1017 2472 1107 2518 suum
1125 2470 1240 2532 resque
1263 2471 1284 2517 a
1307 2470 1342 2517 se

233 2562 344 2640 gestas
381 2559 524 2624 celebret
560 2560 646 2625 inter
677 2559 742 2624 alia
779 2559 878 2630 etiam
914 2560 996 2624 haec
1032 2558 1129 2624 dicit:
1166 2561 1218 2624 scot
1251 2582 1343 2645 prove

176 2751 180 2759 ¹
232 2667 434 2729 testimouium
475 2670 659 2753 impertitum
702 2668 780 2730 clari
819 2667 951 2730 bominis
990 2668 1153 2752 caputque
1193 2667 1342 2730 uidentur.

228 2773 330 2856 placet
354 2774 434 2835 caim
456 2773 569 2837 Hector
596 2776 645 2838 illc
672 2774 749 2836 mill
771 2773 950 2856 Naevianus
980 2791 1009 2852 q.
1034 2790 1058 2836 s.
1106 2770 1243 2851 denique
1266 2769 1343 2837 ibid.

172 2949 176 2957 ,
234 2875 297 2940 XV
322 2883 350 2958 6,
379 2883 406 2959 1,
431 2877 486 2942 ubi
509 2878 624 2943 Catoni
647 2878 773 2960 gratias
798 2877 868 2962 agit
891 2879 985 2960 quod,
1012 2897 1082 2943 cum
1109 2877 1143 2942 in
1163 2880 1279 2943 senatu
1304 2876 1344 2941 de

235 2985 522 3066 supplicationibus
550 2987 616 3052 suis
648 2987 813 3052 decretum
843 2986 895 3070 sit,
930 2986 1061 3071 egregie
1088 2987 1128 3051 de
1157 3005 1191 3052 se
1218 2987 1344 3050 locutus

236 3091 288 3156 sit.
326 3097 437 3172 potest
472 3093 574 3175 igitur
611 3113 650 3158 ex
683 3093 835 3158 Cicerone
869 3112 997 3159 versum
1029 3092 1193 3174 accepisse
1222 3090 1346 3157 Seneca

236 3217 329 3278 quem
348 3199 476 3265 novisse
497 3200 591 3264 Tusc.
612 3199 730 3282 disput.
756 3204 879 3266 certum
908 3200 961 3265 sit.
985 3198 1169 3281 impeditior
1199 3193 1345 3279 quaestio

238 3305 277 3370 de
310 3305 458 3387 epistulis
501 3306 543 3370 ad
580 3306 668 3389 fam,
700 3325 780 3386 quas
822 3306 888 3372 iam
932 3307 1058 3388 pridem
1101 3305 1223 3388 publici
1266 3304 1346 3370 iuris

237 3409 344 3475 factas
367 3430 438 3476 esse
462 3409 630 3497 constat,1)
659 3412 738 3477 licet
767 3432 924 3493 nusquam
954 3432 974 3477 a
998 3411 1121 3478 Seneca
1145 3410 1345 3477 adferantur.

238 3516 295 3580 sed
320 3515 476 3596 epistulas
501 3515 543 3580 ad
561 3515 707 3582 Atticum
726 3516 996 3599 commemorauit,
1017 3516 1057 3581 ef.
1079 3515 1152 3582 Seu.
1173 3535 1223 3598 ep.
1244 3521 1294 3597 21,
1314 3520 1345 3580 4.

239 3629 291 3704 97,
313 3628 483 3707 3.118,1;
505 3631 534 3690 2.
551 3664 591 3671 —
613 3623 750 3703 denique
770 3625 810 3690 de
828 3626 919 3690 brev.
939 3623 998 3691 uit.
1019 3629 1048 3706 5,
1071 3631 1104 3689 2:
1125 3646 1218 3711 qoam
1236 3624 1347 3708 flebiles

238 3751 316 3794 cocos
339 3732 481 3815 exputruit
503 3734 537 3794 io
557 3734 695 3817 quodam
718 3733 762 3796 act
779 3732 916 3797 Atticum
939 3733 1067 3817 epistula
1090 3733 1155 3795 ium
1173 3731 1246 3794 victo
1255 3737 1347 3815 putre

238 3836 379 3920 Pompeio
411 3874 451 3880 —
487 3834 573 3923 ‘quid
604 3845 717 3922 opoen’,
755 3839 865 3923 inquit,
899 3835 964 3921 ‘bia
1002 3835 1147 3921 quoeris?
1180 3856 1282 3899 moror
1313 3835 1347 3897 tn

348 4100 368 4167 1)
397 4116 419 4153 e.
447 4119 473 4170 g.
502 4102 603 4155 Seneca
629 4107 707 4169 pater
734 4117 804 4154 suas.
833 4102 856 4165 1,
884 4101 900 4152 5
928 4099 995 4153 citat
1022 4099 1050 4153 O.
1070 4098 1154 4152 Cassii
1182 4114 1222 4165 ep.
1251 4097 1284 4151 ad
1311 4097 1349 4153 Μ.

241 4189 395 4243 Ciceronem
422 4189 528 4243 missam
554 4206 622 4258 quae
649 4207 719 4242 nune
746 4194 822 4242 extat
847 4188 901 4241 Cic.
925 4204 965 4255 ep.
988 4188 1022 4241 ad
1045 4187 1107 4241 fam.
1131 4187 1182 4241 XV
1206 4188 1247 4240 19.
1284 4191 1349 4239 nota

240 4279 361 4347 quaestio
381 4281 413 4334 de
432 4280 589 4334 collectione
607 4279 732 4334 universa
750 4277 903 4348 singulisne.
