3052 4882
213 313 259 379 68

256 523 334 581 228:
579 519 664 581 cuius
688 540 702 580 c
725 525 801 580 tecte
823 518 891 579 acci

369 631 485 688 cacata
508 645 589 708 repes
611 631 728 707 secptra
757 624 912 686 Tantalici
932 630 1056 706 peruat;

362 752 515 815 possessor
537 730 629 794 buires
651 737 767 813 repant,
791 730 871 793 hanc
893 737 998 793 tantae
1020 731 1128 793 donares

368 838 498 919 fumeae
520 838 665 921 sequitur.

211 962 287 1024 ergo
316 945 455 1022 apparet
477 945 662 1005 aversatum
696 959 766 1004 esse
792 939 947 1005 Senecam
970 945 1115 1006 veterem
1139 941 1317 1023 vulgarem-

210 1068 271 1128 que
303 1047 522 1113 narrationem
555 1067 636 1127 quae
668 1047 800 1112 exhibet
831 1047 917 1111 iuter
939 1046 1033 1110 Atrei
1064 1065 1181 1128 greges
1213 1052 1317 1112 crtum

210 1173 280 1218 esse
311 1172 427 1236 agnum
455 1153 508 1233 qui
540 1152 693 1218 indicium
724 1153 851 1235 imperii
882 1152 991 1234 fuerit,
1025 1152 1065 1216 cf.
1098 1172 1124 1216 e.
1157 1172 1205 1234 gr.
1238 1154 1314 1218 Eur.

210 1260 317 1325 Orest.
343 1265 423 1340 9953
448 1260 545 1324 schol.
570 1258 604 1324 in
627 1259 681 1324 Or.
706 1280 737 1325 v.
763 1266 826 1325 812
851 1263 884 1324 et
908 1266 968 1323 981
995 1278 1057 1341 sq.;
1081 1258 1173 1324 Accii
1196 1259 1258 1342 hg.
1279 1267 1315 1325 8:

209 1367 299 1431 Atra
333 1369 413 1432 addc
441 1368 498 1432 hac
530 1369 610 1451 qaod
641 1368 717 1430 crathi
742 1375 881 1452 pertento
913 1369 1067 1431 ecclesium
1091 1375 1183 1451 peter
1207 1366 1219 1450 l
1242 1390 1316 1452 prc-

209 1476 329 1559 agium
360 1476 450 1536 rabit.
496 1476 603 1536 utrum
634 1471 758 1536 Seneca
787 1471 856 1553 ipse
888 1472 1065 1538 mutaverit
1097 1493 1138 1536 au
1169 1472 1316 1538 alicunde

209 1578 344 1660 petierit
366 1577 544 1642 diiudicare
567 1597 630 1642 non
654 1577 765 1642 ausim.

314 1684 375 1750 His
394 1685 536 1766 peractis
557 1704 786 1766 comparemus
810 1687 847 1749 ut
866 1688 916 1748 est
939 1684 1148 1765 prepositum,
1174 1685 1316 1749 Senecae

209 1810 323 1857 versus
360 1810 430 1855 cum
469 1790 660 1872 fragmentis
701 1791 839 1871 priorum
882 1790 1078 1873 tragicorum
1116 1796 1150 1855 et
1186 1791 1317 1855 circum-

209 1895 381 1978 spiciamus
414 1896 527 1976 quibus
559 1896 592 1960 in
621 1898 716 1961 rebus
741 1915 810 1960 cum
833 1896 986 1962 Romanis
1018 1917 1190 1978 eurumque
1214 1918 1317 1962 exem·

208 2001 353 2084 pleribus
376 2002 431 2067 ille
455 2001 647 2067 consentiat.

316 2109 362 2173 Ac
386 2108 426 2172 de
448 2107 606 2173 Ennianis
639 2108 766 2187 quidem
798 2113 920 2174 certum
944 2109 1085 2174 estsere
1116 2109 1196 2175 nihil
1218 2111 1316 2175 ullum

210 2218 398 2279 concentum
421 2233 481 2294 pra
503 2233 539 2278 se
562 2214 648 2280 ferre
671 2214 733 2279 nisi
757 2215 817 2279 duo
841 2214 1026 2298 fragmenta
1053 2216 1179 2281 incerta
1202 2219 1315 2298 proba·

209 2320 319 2385 biliter
358 2323 420 2385 huc
460 2321 567 2384 relata
603 2319 699 2404 (Eun.
737 2341 767 2386 v.
799 2327 860 2385 378
891 2321 964 2406 su),
1003 2322 1043 2386 de
1080 2321 1193 2402 quibus
1229 2321 1315 2387 iufra

209 2425 373 2491 disseram.
419 2425 592 2490 maximam
628 2431 736 2491 autem
769 2426 1022 2508 discrepantiam
1054 2429 1093 2493 de
1125 2429 1233 2493 reditu
1264 2448 1316 2494 ex·

209 2536 282 2597 tare
323 2533 388 2598 iam
430 2532 580 2614 exposui3
622 2533 699 2597 item
740 2553 853 2614 preces
896 2535 1076 2616 Thyesteas
1118 2535 1181 2600 alic
1218 2538 1316 2616 pacto

209 2637 335 2705 omnino
365 2644 527 2704 tractatas
554 2639 709 2704 invenies.
757 2640 842 2721 apud
868 2641 1008 2706 Ennium
1040 2642 1123 2707 enim
1156 2644 1315 2725 Thyestes

209 2747 336 2811 domum
358 2744 511 2825 relinquit
541 2746 662 2809 scelere
693 2745 820 2828 cognite
849 2754 883 2811 et
915 2767 1023 2812 coram
1053 2750 1148 2814 chero
1180 2748 1316 2814 fratrem

209 2843 380 2921 exsecratur
402 2851 491 2915 hisce
514 2851 734 2933 gravissimis:

208 2964 270 3046 ipse
291 2961 418 3024 summis
442 2961 526 3023 saccis
548 2959 629 3041 finces
652 2962 777 3043 asperis,
801 2963 988 3045 evisceratus,

207 3067 300 3129 latere
307 3066 453 3150 pandera,
467 3086 546 3128 secu
559 3086 703 3149 spargens
719 3067 796 3153 tabe,
815 3069 902 3130 sanic
916 3075 943 3134 ct
956 3071 1105 3152 sanguiue
1119 3077 1186 3132 atro
1200 3087 1227 3133 e.
1244 3087 1273 3147 q.
1289 3088 1314 3133 S.

207 3171 307 3235 multo
330 3169 434 3234 lenius
458 3188 496 3233 ac
518 3169 683 3234 remissius
707 3169 791 3234 idem
815 3171 915 3236 Atreo
940 3173 1093 3238 adstante
1120 3175 1315 3240 lamentatur

208 3277 241 3342 in
266 3277 338 3342 Seu.
362 3296 393 3343 v.
418 3275 537 3340 iudea
562 3282 664 3357 10063
698 3276 844 3358 inprimis
875 3278 1061 3344 conferatur
1083 3301 1113 3346 v.
1141 3286 1241 3348 1074:
1296 3291 1298 3296 ’

602 3421 642 3428 -
666 3393 735 3449 cota
757 3407 819 3450 noa
840 3389 924 3470 fecie
947 3389 1094 3473 improbe,

360 3511 422 3575 pro
445 3512 491 3553 mc
514 3490 593 3553 nibil
609 3493 759 3575 precabor
782 3495 817 3554 et
839 3511 868 3570 q.
893 3510 918 3557 s.

232 3602 332 3661 1087:
596 3621 702 3682 cause,
726 3621 764 3664 ae
786 3601 902 3665 dubites
924 3604 990 3686 dia,

365 3708 524 3790 utriusque
546 3709 631 3771 necle
653 3709 709 3791 sit;
731 3711 759 3771 si
781 3711 893 3793 minus,
917 3713 1004 3775 mala
1025 3714 1064 3776 sc't
1086 3735 1170 3777 mcc:

365 3834 412 3876 etc
428 3819 495 3896 pete
518 3814 649 3877 trisulco.

209 3916 345 3996 denique
371 3922 469 3981 1110:
598 3922 730 3984 vindices
753 3923 885 3988 ederunt
907 3924 974 4008 dci;

365 4026 412 4090 his
429 4028 625 4111 puniendam
647 4036 713 4091 cota
736 4036 762 4093 tc
784 4032 913 4094 traduat
939 4054 1015 4096 racc.

313 4132 380 4198 Nec
403 4132 589 4215 fragmenta
611 4134 783 4216 Euripidia
806 4141 883 4218 apte
906 4130 967 4202 huc
986 4140 1170 4219 spectantia
1189 4147 1313 4207 tantum

207 4240 374 4322 praebent,
408 4242 444 4303 ut
481 4240 645 4308 sententia
676 4243 916 4326 permultorum.
938 4243 1106 4330 (Fabricii,
1139 4249 1314 4332 Welckeri,
