3052 4882
1269 362 1313 430 17

208 571 337 651 reliquit
356 569 484 651 quidem
497 569 729 652 Heerdegenus
743 588 838 633 unam
858 589 999 653 crucem3
1020 569 1087 634 eius
1101 569 1316 635 removendae

210 683 330 743 certam
360 676 599 758 simplicemque
629 675 789 741 rationem
818 695 940 741 mecum
968 675 1215 742 communicavit
1236 676 1314 740 Leo.

208 787 241 851 in
262 785 472 852 Abrincensis
497 784 580 850 enim
604 783 732 866 codicis,
758 785 813 864 qui
837 785 974 850 omnium
993 785 1236 865 antiquissimus
1255 788 1314 865 est,

208 892 386 974 scriptura:
411 890 723 972 superadmolu
747 888 946 974 (superat
963 889 1315 956 timolumPalatin.

207 1001 388 1079 superat
428 997 599 1060 tmolum
634 994 797 1080 Floreat.)
834 995 913 1060 nihil
950 995 1038 1061 aliud
1077 997 1162 1062 latet
1202 1014 1315 1075 quam:

209 1121 368 1184 supera
404 1101 623 1166 Tmolum.
693 1101 777 1180 quod
814 1101 842 1166 si
878 1101 1050 1183 recipimus
1086 1102 1168 1167 haec
1205 1101 1317 1166 evadit

209 1207 390 1272 sententia:

255 1373 317 1436 quo
332 1358 446 1436 pontus
469 1350 570 1415 Helles
593 1347 652 1432 (sc.
677 1346 752 1432 est),
783 1371 894 1435 supero
925 1349 1064 1414 Tmolum
1094 1373 1130 1414 oc
1167 1351 1317 1414 Tauricos

250 1460 334 1544 ficis,
358 1460 518 1544 frugifero
542 1467 569 1522 et
591 1460 709 1541 fertilia
733 1481 810 1522 orco
833 1461 929 1523 Asiae
951 1467 1034 1524 tenet

207 1604 245 1664 ut
284 1599 411 1664 scilicet
452 1597 505 1677 qui
546 1616 659 1664 versus
700 1598 888 1678 pronuntiet
937 1599 970 1663 in
1012 1599 1152 1664 Graecia
1192 1599 1317 1680 positus

208 1705 373 1771 Priamum
402 1705 533 1771 indicet.
1006 1722 1011 1731 ·

303 1866 362 1936 ,De
386 1865 535 1934 versibus
565 1869 674 1929 autem
698 1865 751 1945 qui
782 1864 868 1947 apud
892 1863 1048 1930 Senecam
1080 1868 1196 1930 extant
1223 1865 1317 1930 hodie

208 1971 326 2036 nemini
368 1971 498 2036 dubium
540 1989 610 2034 esse
650 1975 760 2051 potest
796 1970 870 2049 quin
911 1970 1085 2035 recentiori
1126 1970 1316 2053 tragoediae

208 2077 373 2142 tribuendi
396 2074 501 2161 sint.¹)
534 2095 634 2154 quare
658 2076 804 2158 Longius
827 2076 913 2140 haud
937 2076 1046 2157 inepte
1071 2076 1215 2159 cogitare
1239 2076 1316 2140 mihi

208 2183 339 2249 videtur
362 2183 402 2248 111
426 2183 519 2248 Varii
552 2183 707 2264 Thyesta,
741 2183 845 2264 prima
869 2203 973 2248 novae
997 2183 1088 2265 artis
1122 2202 1217 2262 quam
1248 2187 1316 2247 tum

209 2290 364 2370 temporis
395 2293 525 2355 constat
556 2294 682 2354 tantam
714 2290 864 2355 habuisse
893 2290 1147 2372 admirationem,
1180 2295 1217 2355 ut
1247 2289 1316 2354 fere

212 2393 355 2458 omnibus
376 2400 627 2477 anteponeretur
650 2394 757 2479 (huius
771 2395 819 2460 rei
833 2399 936 2460 testes
951 2400 1026 2460 sunt
1040 2395 1148 2478 Quint.
1164 2395 1197 2459 X
1213 2402 1241 2477 l,
1258 2401 1314 2477 98;

211 2501 289 2565 Τ11.
327 2501 402 2567 dial.
442 2508 499 2585 123
537 2503 721 2585 Philargyr.
758 2502 793 2567 in
824 2503 920 2585 Verg.
953 2503 1023 2567 Ecl.
1057 2503 1145 2584 VIH,
1186 2508 1235 2567 10.
1274 2502 1313 2568 cf.

208 2607 376 2673 Weichert
406 2613 443 2676 de
479 2613 517 2676 L.
549 2613 683 2676 Vorie’et
709 2610 810 2676 Cassii
830 2612 937 2675 Peroe.
961 2613 1011 2675 cit.
1037 2619 1062 2674 et
1085 2633 1180 2675 curm.
1204 2630 1238 2691 p.
1256 2615 1314 2692 983

207 2715 361 2781 Welcker
384 2717 482 2799 Trag.
507 2717 622 2782 Graec.
646 2717 698 2781 [Π
720 2737 750 2798 p.
777 2721 861 2781 1426
885 2715 958 2800 so).
999 2717 1083 2780 hanc
1115 2735 1193 2781 sane
1225 2716 1316 2783 novit

209 2822 333 2889 Seneca
357 2829 390 2890 et
413 2829 502 2890 certe
525 2824 559 2889 in
582 2844 640 2890 sua
663 2824 764 2905 ipsius
783 2825 928 2906 Thyesta
947 2823 1151 2904 aliquatenus
1169 2824 1315 2889 imitatus

209 2933 259 2994 est
281 2935 318 2995 ut
340 2931 405 2996 iam
432 2931 472 2996 D.
496 2930 649 2996 Heinsius
672 2930 706 2996 in
730 2930 803 2997 Son.
828 2931 961 3012 Thyest.
985 2950 1016 2996 v.
1043 2935 1071 2995 1.
1105 2929 1150 3016 (p.
1177 2936 1238 2995 296
1263 2931 1312 2995 ed.

209 3018 403 3123 Scriverius)
441 3037 579 3103 coniecit
615 3043 649 3103 11
684 3038 752 3103 Leo
785 3039 910 3103 observ.
941 3036 1013 3101 orit.
1045 3037 1085 3101 de
1122 3036 1195 3102 Sen.
1228 3043 1313 3119 trag.

207 3163 237 3224 p.
278 3148 351 3208 173.
410 3144 451 3208 de
487 3144 557 3208 loco
594 3143 721 3223 quidem
758 3162 851 3223 quem
891 3161 975 3207 nune
1015 3147 1194 3208 tractamus
1235 3142 1315 3207 nihil

207 3248 364 3314 affirmari
387 3253 505 3333 potest,
531 3249 606 3331 quia
628 3254 697 3314 tres
721 3249 777 3314 alii
795 3249 993 3314 recentiores
1011 3253 1129 3330 poetae
1149 3250 1314 3331 Thyesten

206 3356 260 3423 vel
277 3354 414 3419 Atreum
432 3357 709 3439 conscripserunt:
734 3356 910 3438 Gracchus
940 3355 1080 3422 Scaurus
1106 3356 1314 3438 inprimisque

206 3461 402 3544 Pomponius
420 3482 512 3541 quem
528 3463 651 3529 Seneca
669 3463 881 3545 impugnabat
900 3461 944 3547 (v.
959 3462 1070 3548 infra),
1086 3462 1312 3545 Quintilianus,

207 3569 351 3651 Tacitus,
375 3567 499 3633 PHnius
521 3569 669 3634 laudibus
693 3568 838 3635 efferunt.

207 3769 417 3778 —--—-—

314 3871 334 3939 ¹)
362 3871 396 3925 cf.
421 3871 522 3941 Lange,
546 3873 713 3940 quaestiones
730 3874 863 3938 metricae,
889 3870 950 3923 diss.
969 3871 1053 3924 Bonn.
1074 3872 1149 3923 1851.
1187 3868 1313 3922 Schmidt.

208 3959 226 4013 l.
245 3975 267 4013 e.
284 3978 309 4029 p.
329 3963 380 4014 598
399 3978 437 4028 sq.
474 3961 600 4014 Ribbeck.
620 3960 665 4013 Tr.
684 3960 716 4014 R.
736 3975 761 4026 p.
781 3962 840 4013 627.
861 3975 928 4026 quae
947 3959 1082 4014 sententia
1100 3959 1181 4012 etiam
1200 3974 1231 4011 eo
1250 3958 1314 4011 mihi

208 4047 314 4102 videtur
341 4051 518 4104 commendari
548 4050 617 4117 quod
650 4055 678 4102 et
706 4051 795 4104 Helles
819 4048 955 4118 genitivus
977 4048 1139 4115 postpositus
1165 4052 1193 4101 et
1216 4063 1314 4115 graeca

207 4136 328 4192 vocabuli
341 4138 425 4193 forma
434 4139 577 4212 recentiori
591 4138 651 4192 usui
665 4138 797 4192 convenit.
817 4153 879 4191 sane
890 4143 918 4190 et
927 4128 1066 4190 collocatio
1082 4142 1109 4189 et
1122 4137 1207 4189 forma
1222 4136 1313 4188 eadem

207 4225 294 4280 estin
312 4226 463 4297 fragmento
482 4228 655 4282 Ciceroniano
674 4227 742 4293 quod
761 4226 872 4279 latinam
891 4231 977 4278 artem
995 4241 1059 4292 prae
1078 4240 1106 4277 se
1125 4225 1191 4289 fert3
1216 4224 1244 4275 in
1263 4239 1313 4289 quo

205 4317 294 4371 nescio
314 4334 348 4371 an
367 4319 429 4370 olim
447 4319 575 4385 scriptum
594 4317 677 4370 fuerit
695 4336 747 4384 qua
761 4324 863 4384 pontus
882 4318 1009 4368 Helloest.

1103 4439 1120 4489 2
