3052 4882
208 302 256 376 50

207 516 333 578 tantam
367 532 438 577 esse
470 511 719 591 similitudinem,
752 516 789 576 ut
820 511 924 591 quivis
955 505 1057 594 primo
1081 513 1195 577 obtutu
1216 509 1313 578 facile

208 619 250 685 ad
286 619 420 684 eandem
453 618 632 700 opinionem
668 618 878 700 perducatur,
917 619 973 683 sed
1008 618 1114 683 omnia
1146 637 1165 682 e
1195 623 1314 684 natura

206 745 312 791 rerum
336 725 503 790 declarare
526 743 620 806 passe
651 724 729 788 mihi
759 724 881 790 videor.
928 729 1059 806 reputes
1087 724 1171 790 enim
1194 743 1313 804 quaeso

207 831 321 911 ecquid
344 831 432 896 aliud
456 830 621 896 exordium
644 830 748 894 nuntii
778 830 975 895 narrationis
1004 830 1106 911 possit
1135 830 1314 913 excogitari

208 957 302 1018 quam
333 937 412 1002 illud
444 941 604 1018 sumptum
633 957 652 1001 a
683 936 800 1002 Troiae
832 936 956 1001 excidio
986 941 1020 1001 et
1046 937 1170 1019 praeda
1197 937 1312 1018 divisa,

208 1043 247 1108 cs.
289 1047 325 1108 ut
366 1044 510 1125 exemplo
552 1044 668 1108 saltem
710 1042 882 1125 defungar,
929 1042 1095 1109 Diomedis
1137 1043 1313 1108 orationem

207 1150 241 1214 in
273 1149 366 1216 ovid.
396 1153 471 1214 met.
501 1149 579 1214 XIV
608 1155 672 1213 466
697 1168 744 1228 sq.
778 1150 830 1216 vel
853 1149 987 1214 Aeneae
1019 1149 1198 1214 orationem
1229 1150 1315 1231 apud

207 1256 305 1337 Verg.
346 1256 367 1319 l.
410 1255 460 1319 ΙΠ
500 1255 570 1319 init.
613 1294 653 1300 -
696 1256 736 1320 de
782 1255 942 1336 delphinis
992 1255 1047 1335 qui
1092 1255 1126 1319 in
1176 1274 1314 1335 aequore

208 1361 381 1440 tranquillo
410 1360 601 1442 placidoque
631 1362 780 1426 ludentes
807 1381 907 1427 naves
936 1361 1129 1426 comitantur
1159 1381 1179 1426 a
1208 1362 1314 1444 poetis

209 1466 481 1548 scriptoribusque
529 1467 698 1531 admodum
745 1486 843 1547 saepe
885 1465 1039 1552 agitur‚¹)
1090 1468 1185 1533 sicuti
1233 1469 1312 1534 Eur.

208 1574 330 1638 Electr.
373 1579 436 1637 436
478 1592 524 1653 sq.
573 1573 628 1638 ubi
669 1574 796 1654 chorus,
848 1592 917 1638 cum
957 1593 1058 1640 naves
1099 1573 1142 1638 ad
1184 1574 1314 1639 Troiam

209 1679 448 1762 proficiscentes
480 1679 635 1760 celebret,
666 1681 747 1743 haec
777 1679 883 1744 canit:
916 1682 952 1743 ἵν’
983 1682 1002 1743 ὁ
1031 1681 1176 1763 φίλαυλος
1206 1682 1315 1744 ἔπαλλε

211 1787 312 1869 δελφὶς
347 1788 486 1869 πρῴραις
521 1786 741 1868 κυανεμβόλοις
777 1787 983 1867 εἱλισσόμενος.
1038 1805 1140 1866 neque
1177 1787 1314 1869 amplius

209 1893 243 1957 in
296 1892 404 1958 verbis
463 1890 604 1956 offendes
657 1891 857 1974 Annaeanis,
913 1911 995 1972 quae
1047 1892 1194 1972 equidem
1244 1912 1315 1958 cum

209 1999 386 2064 Ribbeckio
428 2002 592 2077 tamquam
639 1997 754 2062 exinde
801 1998 1010 2079 congruentia
1056 2017 1126 2063 cum
1166 1999 1314 2066 Liuianis

211 2103 353 2186 distinxi,
378 2104 406 2169 si
429 2104 598 2168 ostendero
623 2123 662 2168 ea
685 2102 753 2168 fere
776 2104 892 2182 ubique
922 2104 1014 2168 inre
1037 2105 1134 2169 simili
1166 2105 1315 2171 adhibita

210 2210 358 2276 inveniri.
406 2210 447 2275 ad
479 2214 641 2291 optumum
673 2214 791 2273 testem
820 2229 972 2290 provoco:
1005 2212 1047 2276 ad
1077 2211 1237 2279 Ovidium.
1270 2212 1315 2276 in·

211 2316 328 2398 spicias
376 2321 451 2380 met.
493 2317 543 2381 ΙΠ
585 2322 645 2381 683
688 2336 734 2396 sq.
787 2314 895 2400 (quam
934 2318 1154 2383 narrationem
1192 2318 1315 2383 Seneca

212 2422 290 2487 Oed.
315 2427 378 2486 449
403 2442 449 2502 sq.
475 2427 588 2504 aperte
612 2422 804 2508 expressit):

257 2551 391 2634 audique
413 2549 492 2611 daat
514 2550 621 2626 saltas,
645 2550 800 2633 maltaqae
823 2552 980 2634 asperqiae
1002 2559 1120 2635 roraret,

257 2662 467 2739 emerqaatqae
488 2656 608 2738 iterum,
632 2657 815 2739 redeantque
837 2656 891 2720 sad
915 2678 1050 2742 aequora
1072 2678 1192 2742 rarsas,

258 2763 349 2846 iaqae
371 2760 486 2824 clari
509 2762 654 2824 ladaat
675 2762 861 2845 speciem,
885 2763 1117 2848 lasciuaque
1139 2765 1255 2827 iactaret

257 2887 383 2952 corpora
406 2874 431 2930 et
453 2874 603 2950 acceptam
621 2868 739 2950 patalis
762 2888 848 2930 mare
869 2869 999 2932 aaribas
1022 2871 1140 2953 efdaot.

215 2987 327 3068 quibus
347 2987 430 3052 adde
448 2987 531 3052 Plin.
547 2987 586 3052 N.
601 2989 641 3052 H.
656 2988 779 3070 XVIII,
800 2995 877 3054 361:
891 2995 1094 3078 praesepiaat
1107 3001 1134 3057 et
1147 2994 1319 3077 animalia;

214 3095 350 3180 delphini
373 3097 540 3179 traaqaillo
563 3098 647 3159 mari
670 3098 902 3162 lascivientes
924 3100 1034 3182 flatura
1057 3121 1092 3164 ea
1117 3122 1179 3185 qao
1196 3101 1319 3164 oeaiaat

209 3209 301 3286 parte
324 3202 358 3264 et
378 3219 406 3278 q.
427 3218 469 3281 s.;
494 3199 572 3263 item
595 3200 654 3281 IX,
682 3207 818 3283 19-33,
842 3203 1015 3286 praecipue
1039 3203 1057 3289 ξ
1078 3210 1136 3271 24:
1160 3206 1320 3291 delphinas

216 3328 278 3370 aaa
299 3307 415 3370 domiai
437 3315 559 3371 taataai
577 3310 710 3371 ornicum
729 3312 857 3393 animal,
881 3333 985 3375 earam
1004 3320 1030 3376 et
1046 3315 1179 3376 musicae
1197 3315 1259 3376 arti
1277 3349 1318 3357 -

216 3414 366 3478 homiaem
396 3434 457 3477 aaa
490 3417 651 3498 expavescit
681 3422 716 3479 at
747 3417 890 3501 alienare,
923 3419 1040 3482 obviam
1070 3421 1201 3503 aaeipiis
1231 3421 1319 3502 eeait,

218 3524 381 3587 adludit
403 3525 601 3606 exaltaris,
626 3532 720 3587 certat
742 3527 832 3588 etiam
851 3531 877 3587 et
895 3527 1032 3609 quamvis
1049 3527 1144 3610 pleaa
1160 3527 1318 3611 praeterit.

218 3625 335 3711 (neque
367 3626 512 3692 omittam
535 3629 634 3710 Verg.
658 3628 739 3693 Aen.
762 3629 805 3711 X,
830 3633 911 3711 224;
943 3631 1103 3712 nymphae
1131 3629 1215 3694 enim
1238 3648 1320 3709 quae

170 3756 172 3760 ⁴
219 3751 259 3797 ex
298 3732 429 3798 Aeneae
470 3733 606 3799 navibus
646 3739 791 3800 mutatae
832 3739 907 3800 sunt
947 3734 1019 3820 (IX,
1060 3735 1136 3821 119)
1176 3735 1321 3801 Aeneam

326 3978 346 4046 ¹)
372 3978 452 4032 etiam
470 3977 498 4031 iu
515 3979 614 4033 Pacuv.
633 3980 685 4048 frg.
703 3980 755 4034 inc.
773 3983 816 4034 44.
835 3983 878 4047 45,
903 3980 948 4034 ubi
971 3982 1062 4035 eodem
1084 3981 1162 4036 modo
1180 3982 1271 4052 agitur
1289 3982 1322 4036 de

219 4067 381 4121 Achivorum
405 4085 421 4122 a
444 4068 525 4122 Troia
551 4069 719 4122 redeuntium
745 4069 851 4136 itinere,
879 4070 997 4138 delphini
1014 4069 1185 4125 lascivientes
1212 4085 1323 4124 comme·

220 4161 370 4210 morentur:
397 4156 472 4210 vides
490 4155 583 4223 quovis
601 4162 721 4225 tempore
738 4157 766 4210 in
784 4174 834 4210 usu
852 4158 934 4212 fuisse
956 4163 986 4212 ut
1010 4163 1106 4225 poetae
1124 4159 1152 4212 iu
1169 4159 1323 4213 narratione

219 4243 267 4296 issa
285 4244 489 4311 descriptionem
506 4244 586 4298 istam
605 4252 744 4312 ponerent.
