3052 4882
1264 351 1310 418 57

206 554 428 632 sequentibus:
452 559 551 619 timete
580 579 669 640 repes,
700 579 813 638 morea,
844 559 995 639 fortiorem
1016 579 1129 641 percus:
1155 555 1168 639 f
1190 559 1316 641 agrestis

205 663 258 724 iste
290 663 435 727 alrcrarrrrs
467 670 570 726 evertet
601 664 736 726 doraum.
783 680 897 742 nempe
933 660 1111 742 Aegisthus
1147 660 1315 742 Agamem-

205 767 280 830 noni
322 767 452 846 eiusque
490 767 581 831 domo
619 786 721 846 aeque
761 767 873 832 fatalis
910 767 1042 832 videtur
1079 786 1118 831 ac
1154 766 1314 831 Priameis

205 872 300 937 Paris
340 873 458 938 fuerat.
498 872 542 957 (v.
579 878 640 936 793
671 892 718 952 sq.
761 874 815 938 ubi
846 873 1045 956 Agamemno
1083 893 1154 938 cum
1182 872 1313 937 Priamo

207 977 395 1064 confertur.)

206 1102 332 1184 Agmen
355 1103 487 1168 claudat
510 1102 572 1185 frg.
598 1109 637 1167 8:

364 1229 458 1293 eirca
487 1228 605 1310 Troiae,
628 1249 773 1312 permane
795 1229 925 1292 Hector!

365 1336 441 1418 perid
464 1336 508 1397 ito
533 1385 671 1398 .....
697 1357 766 1399 crem
784 1343 834 1400 trec
857 1337 989 1398 lacerato
1013 1356 1143 1419 corpore,

365 1442 465 1524 miser,
490 1449 544 1504 aret
567 1443 621 1524 qut
645 1443 736 1505 teste
766 1449 931 1505 tractavere
956 1443 1041 1504 actis
1059 1441 1320 1526 respectantibus?

208 1564 293 1644 apud
318 1562 473 1628 Senecam
497 1562 681 1626 Cassandra
711 1567 847 1628 mortem
871 1545 999 1626 obitura
1030 1565 1158 1642 patrem
1185 1561 1317 1626 fratres-

209 1688 268 1748 que
293 1669 438 1749 adpellat
461 1672 495 1732 et
517 1669 691 1733 Hectorem
715 1667 844 1747 quidem
866 1688 897 1734 v.
924 1672 1003 1732 7432

579 1830 619 1836 —
646 1795 749 1876 frater
772 1796 926 1859 ueritiam
947 1794 1106 1878 Phrygum

367 1909 525 1986 terrorque
547 1902 709 1982 Danaum,
734 1923 796 1964 rrorc
819 1923 869 1986 epo
892 1903 1057 1986 antiquum
1080 1903 1168 1966 decus

366 2009 450 2071 or'deo
473 2015 528 2072 aret
551 2009 676 2071 calentes
699 2009 819 2072 retibus
842 2009 953 2071 medis
976 2029 1098 2090 marcas,

366 2115 419 2176 sed
440 2114 542 2176 lacero
565 2114 702 2176 membro
725 2122 751 2177 et
772 2115 891 2178 secretos
912 2114 1008 2176 circlo
1028 2114 1119 2196 preci

368 2220 434 2281 r‘ttos
456 2221 600 2303 lacertos;

211 2341 265 2421 qui
283 2361 396 2408 versus
414 2342 500 2406 haud
515 2342 581 2406 scio
602 2362 644 2406 an
662 2342 731 2406 ficti
749 2342 816 2406 sint
834 2342 1006 2406 secundum
1020 2340 1101 2405 Aen.
1117 2341 1159 2420 H,
1176 2345 1239 2404 270
1254 2358 1319 2422 sq.;

211 2452 298 2513 certe
330 2447 363 2512 in
395 2448 642 2514 Andromachae
671 2448 792 2513 somnio
821 2448 1024 2530 depingendo
1055 2446 1144 2532 (uro.
1169 2450 1232 2510 443
1257 2444 1320 2530 sq.)

211 2555 335 2620 Seneca
357 2554 430 2620 illos
453 2555 591 2638 Vergilii
614 2575 727 2621 versus
750 2555 897 2620 imitatus
921 2559 981 2620 est.

470 2903 472 2908 ’
585 2910 627 2975 n.
659 2910 709 2976 Ile
738 2910 947 2978 Phoenissis.

316 3107 365 3170 De
383 3105 570 3170 Phoenissis
589 3104 669 3170 nihil
687 3107 791 3170 haheo
812 3105 896 3185 quod
914 3105 1087 3187 proferam.
1113 3103 1323 3184 compositam

213 3232 283 3277 esse
308 3231 379 3276 eam
402 3231 420 3275 e
444 3212 567 3276 duabus
590 3210 677 3275 inter
701 3231 736 3275 se
760 3210 898 3278 diversis
926 3209 1214 3275 declamationibus
1238 3227 1325 3273 scae·

212 3319 354 3384 nieorum
378 3319 576 3400 dialogorum
608 3317 642 3381 in
664 3317 800 3382 formam
823 3317 976 3398 redactis,
1003 3336 1135 3396 quarum
1158 3315 1191 3380 in
1220 3314 1325 3396 prima

214 3424 380 3505 Sophoclis
403 3423 546 3504 Oedipus
570 3423 635 3487 (iol.
661 3426 811 3504 respecta
834 3422 888 3503 sit,
913 3422 946 3487 in
970 3423 1076 3486 altera
1099 3421 1207 3502 paullo
1232 3439 1322 3485 accu-

213 3530 318 3595 ratius
348 3529 515 3610 Euripidis
547 3528 756 3610 Phoenissae,
789 3529 857 3592 Leo
886 3548 916 3608 p.
953 3533 992 3591 75
1028 3546 1074 3606 sq.
1109 3524 1268 3608 exposuit.
1307 3543 1326 3590 e

213 3636 349 3719 tragicis
390 3636 605 3699 Romanorum
641 3634 807 3699 veteribus
848 3652 929 3698 unus
970 3632 1087 3698 Accius
1127 3631 1324 3695 Phoenissas

215 3742 423 3825 conscripsit3
450 3762 533 3821 quae
555 3762 594 3806 ex
613 3741 785 3822 Euripidia
809 3740 907 3805 ducta
930 3740 964 3803 in
986 3741 1046 3803 hoc
1069 3743 1197 3803 tantum
1220 3739 1262 3802 ab
1286 3756 1326 3802 ea

215 3850 339 3916 recedit
372 3849 456 3929 quod
488 3848 630 3929 Oedipus
663 3847 733 3928 ipse
765 3847 848 3911 filios
885 3845 1021 3910 alternis
1058 3844 1151 3910 amris
1187 3864 1326 3927 regnare

214 3957 312 4022 iubet.
339 3956 462 4022 Seneca
486 3959 594 4020 autem
612 3953 802 4034 Euripidem
825 3956 954 4018 secutus
977 3951 1073 4016 finxit
1095 3950 1217 4015 fratres
1240 3950 1327 4015 inter

216 4083 250 4129 se
288 4064 327 4128 de
364 4083 464 4146 regno
502 4082 573 4128 esse
610 4065 733 4142 pactos.
790 4078 873 4139 quae
915 4078 985 4122 cum
1021 4056 1114 4122 Accii
1154 4057 1207 4124 vel
1244 4056 1327 4122 alius

216 4170 393 4251 cuiuspiam
434 4169 553 4252 tragici
594 4166 732 4237 Romani
776 4164 968 4248 fragmentis
1017 4162 1163 4245 componi
1202 4162 1328 4248 possint

217 4297 280 4342 non
302 4295 420 4342 invem.
