<?xml version="1.0" encoding="UTF-8"?>
<!DOCTYPE html PUBLIC "-//W3C//DTD XHTML 1.0 Transitional//EN"
    "http://www.w3.org/TR/xhtml1/DTD/xhtml1-transitional.dtd">
<html xmlns="http://www.w3.org/1999/xhtml" xml:lang="en" lang="en">
 <head>
  <title>
</title>
<meta http-equiv="Content-Type" content="text/html;charset=utf-8" />
  <meta name='ocr-system' content='tesseract 3.04.00' />
  <meta name='ocr-capabilities' content='ocr_page ocr_carea ocr_par ocr_line ocrx_word'/>
</head>
<body>
  <div class='ocr_page' id='page_1' title='image "./derationeinters00stragoog_0070.png"; bbox 0 0 3052 4882; ppageno 0'>
   <div class='ocr_carea' id='block_1_1' title="bbox 1272 319 1318 387">
    <p class='ocr_par' dir='ltr' id='par_1_1' title="bbox 1272 319 1318 387">
     <span class='ocr_line' id='line_1_1' title="bbox 1272 319 1318 387; baseline -0.022 0"><span class='ocrx_word' id='word_1_1' title='bbox 1272 319 1318 387; x_wconf 83' lang='lat'>65</span> 
     </span>
    </p>
   </div>
   <div class='ocr_carea' id='block_1_2' title="bbox 213 520 1326 1774">
    <p class='ocr_par' dir='ltr' id='par_1_2' title="bbox 213 520 1326 1774">
     <span class='ocr_line' id='line_1_2' title="bbox 215 520 1326 591; baseline 0.002 -4"><span class='ocrx_word' id='word_1_2' title='bbox 215 520 316 590; x_wconf 84' lang='lat' dir='ltr'>Furia</span> <span class='ocrx_word' id='word_1_3' title='bbox 340 520 473 590; x_wconf 76' lang='lat' dir='ltr'>Tantali</span> <span class='ocrx_word' id='word_1_4' title='bbox 504 526 647 590; x_wconf 88' lang='lat' dir='ltr'>umbram</span> <span class='ocrx_word' id='word_1_5' title='bbox 672 527 712 590; x_wconf 92' lang='lat' dir='ltr'>ab</span> <span class='ocrx_word' id='word_1_6' title='bbox 742 521 855 590; x_wconf 81' lang='lat' dir='ltr'>inferis</span> <span class='ocrx_word' id='word_1_7' title='bbox 886 524 1018 590; x_wconf 75' lang='lat' dir='ltr'>adducit</span> <span class='ocrx_word' id='word_1_8' title='bbox 1050 530 1086 590; x_wconf 92' lang='lat' dir='ltr'>ut</span> <span class='ocrx_word' id='word_1_9' title='bbox 1110 524 1262 591; x_wconf 80' lang='lat' dir='ltr'>‘furorem</span> <span class='ocrx_word' id='word_1_10' title='bbox 1292 525 1326 589; x_wconf 93' lang='lat' dir='ltr'>in</span> 
     </span>
     <span class='ocr_line' id='line_1_3' title="bbox 216 630 1324 716; baseline 0.002 -22"><span class='ocrx_word' id='word_1_11' title='bbox 216 631 342 695; x_wconf 91' lang='lat' dir='ltr'>domum</span> <span class='ocrx_word' id='word_1_12' title='bbox 366 630 502 697; x_wconf 83' lang='lat' dir='ltr'>diuidat’</span> <span class='ocrx_word' id='word_1_13' title='bbox 535 630 580 715; x_wconf 88' lang='lat' dir='ltr'>(v.</span> <span class='ocrx_word' id='word_1_14' title='bbox 607 631 761 716; x_wconf 78' lang='lat'>1-121),</span> <span class='ocrx_word' id='word_1_15' title='bbox 795 651 855 711; x_wconf 95' lang='lat' dir='ltr'>quo</span> <span class='ocrx_word' id='word_1_16' title='bbox 878 632 998 696; x_wconf 90' lang='lat' dir='ltr'>Atreus</span> <span class='ocrx_word' id='word_1_17' title='bbox 1029 637 1194 713; x_wconf 87' lang='lat' dir='ltr'>correptus</span> <span class='ocrx_word' id='word_1_18' title='bbox 1218 631 1324 712; x_wconf 93' lang='lat' dir='ltr'>paullo</span> 
     </span>
     <span class='ocr_line' id='line_1_4' title="bbox 214 735 1324 819; baseline 0 -19"><span class='ocrx_word' id='word_1_19' title='bbox 214 740 288 817; x_wconf 92' lang='lat' dir='ltr'>post</span> <span class='ocrx_word' id='word_1_20' title='bbox 317 735 476 800; x_wconf 89' lang='lat' dir='ltr'>nefarium</span> <span class='ocrx_word' id='word_1_21' title='bbox 513 736 575 800; x_wconf 91' lang='lat' dir='ltr'>init</span> <span class='ocrx_word' id='word_1_22' title='bbox 605 737 771 800; x_wconf 89' lang='lat' dir='ltr'>consilium</span> <span class='ocrx_word' id='word_1_23' title='bbox 801 737 965 819; x_wconf 82' lang='lat' dir='ltr'>Thyesten</span> <span class='ocrx_word' id='word_1_24' title='bbox 996 737 1049 816; x_wconf 93' lang='lat' dir='ltr'>qui</span> <span class='ocrx_word' id='word_1_25' title='bbox 1081 737 1215 802; x_wconf 84' lang='lat' dir='ltr'>exulans</span> <span class='ocrx_word' id='word_1_26' title='bbox 1242 736 1324 801; x_wconf 86' lang='lat' dir='ltr'>nihil</span> 
     </span>
     <span class='ocr_line' id='line_1_5' title="bbox 214 842 1324 931; baseline 0.002 -26"><span class='ocrx_word' id='word_1_27' title='bbox 214 843 344 907; x_wconf 89' lang='lat' dir='ltr'>molitur</span> <span class='ocrx_word' id='word_1_28' title='bbox 376 842 507 922; x_wconf 91' lang='lat' dir='ltr'>eiusque</span> <span class='ocrx_word' id='word_1_29' title='bbox 537 842 620 907; x_wconf 90' lang='lat' dir='ltr'>filios</span> <span class='ocrx_word' id='word_1_30' title='bbox 650 842 721 907; x_wconf 93' lang='lat' dir='ltr'>dolo</span> <span class='ocrx_word' id='word_1_31' title='bbox 746 862 922 931; x_wconf 77' lang='lat' dir='ltr'>arcessere,</span> <span class='ocrx_word' id='word_1_32' title='bbox 955 847 991 908; x_wconf 91' lang='lat' dir='ltr'>ut</span> <span class='ocrx_word' id='word_1_33' title='bbox 1013 848 1107 924; x_wconf 91' lang='lat' dir='ltr'>petat</span> <span class='ocrx_word' id='word_1_34' title='bbox 1130 846 1171 908; x_wconf 93' lang='lat' dir='ltr'>ab</span> <span class='ocrx_word' id='word_1_35' title='bbox 1195 863 1232 907; x_wconf 93' lang='lat' dir='ltr'>eo</span> <span class='ocrx_word' id='word_1_36' title='bbox 1257 863 1324 908; x_wconf 92' lang='lat' dir='ltr'>cru-</span> 
     </span>
     <span class='ocr_line' id='line_1_6' title="bbox 216 932 1324 1031; baseline 0.001 -18"><span class='ocrx_word' id='word_1_37' title='bbox 216 948 412 1013; x_wconf 89' lang='lat' dir='ltr'>delissimam</span> <span class='ocrx_word' id='word_1_38' title='bbox 448 948 586 1014; x_wconf 93' lang='lat' dir='ltr'>omnium</span> <span class='ocrx_word' id='word_1_39' title='bbox 622 932 763 1031; x_wconf 85' lang='lat' dir='ltr'>poenam¹</span> <span class='ocrx_word' id='word_1_40' title='bbox 795 951 834 1013; x_wconf 96' lang='lat' dir='ltr'>ob</span> <span class='ocrx_word' id='word_1_41' title='bbox 875 949 999 1014; x_wconf 89' lang='lat' dir='ltr'>scelera</span> <span class='ocrx_word' id='word_1_42' title='bbox 1018 949 1124 1031; x_wconf 92' lang='lat' dir='ltr'>prius</span> <span class='ocrx_word' id='word_1_43' title='bbox 1156 949 1324 1014; x_wconf 88' lang='lat' dir='ltr'>commissa</span> 
     </span>
     <span class='ocr_line' id='line_1_7' title="bbox 215 1055 1324 1141; baseline 0 -20"><span class='ocrx_word' id='word_1_44' title='bbox 215 1055 259 1140; x_wconf 88' lang='lat' dir='ltr'>(v.</span> <span class='ocrx_word' id='word_1_45' title='bbox 287 1056 483 1141; x_wconf 77' lang='lat' dir='ltr'>luo—335).</span> <span class='ocrx_word' id='word_1_46' title='bbox 531 1056 661 1122; x_wconf 75' lang='lat' dir='ltr'>simulat</span> <span class='ocrx_word' id='word_1_47' title='bbox 696 1055 797 1138; x_wconf 89' lang='lat' dir='ltr'>igitur</span> <span class='ocrx_word' id='word_1_48' title='bbox 832 1056 916 1121; x_wconf 90' lang='lat' dir='ltr'>velle</span> <span class='ocrx_word' id='word_1_49' title='bbox 946 1074 981 1120; x_wconf 91' lang='lat' dir='ltr'>se</span> <span class='ocrx_word' id='word_1_50' title='bbox 1013 1055 1046 1120; x_wconf 94' lang='lat' dir='ltr'>in</span> <span class='ocrx_word' id='word_1_51' title='bbox 1078 1055 1220 1138; x_wconf 80' lang='lat' dir='ltr'>gratiam</span> <span class='ocrx_word' id='word_1_52' title='bbox 1252 1075 1324 1121; x_wconf 90' lang='lat' dir='ltr'>curn</span> 
     </span>
     <span class='ocr_line' id='line_1_8' title="bbox 214 1161 1324 1244; baseline 0.001 -19"><span class='ocrx_word' id='word_1_53' title='bbox 214 1161 318 1226; x_wconf 90' lang='lat' dir='ltr'>fratre</span> <span class='ocrx_word' id='word_1_54' title='bbox 337 1162 463 1227; x_wconf 87' lang='lat' dir='ltr'>redire:</span> <span class='ocrx_word' id='word_1_55' title='bbox 483 1163 586 1227; x_wconf 90' lang='lat' dir='ltr'>mittit</span> <span class='ocrx_word' id='word_1_56' title='bbox 603 1162 686 1227; x_wconf 90' lang='lat' dir='ltr'>filios</span> <span class='ocrx_word' id='word_1_57' title='bbox 705 1181 779 1227; x_wconf 89' lang='lat' dir='ltr'>suos</span> <span class='ocrx_word' id='word_1_58' title='bbox 797 1161 1068 1244; x_wconf 82' lang='lat' dir='ltr'>Agamemnonem</span> <span class='ocrx_word' id='word_1_59' title='bbox 1089 1166 1123 1227; x_wconf 91' lang='lat' dir='ltr'>et</span> <span class='ocrx_word' id='word_1_60' title='bbox 1140 1162 1324 1226; x_wconf 91' lang='lat' dir='ltr'>Menelaum</span> 
     </span>
     <span class='ocr_line' id='line_1_9' title="bbox 215 1269 1321 1351; baseline -0.002 -18"><span class='ocrx_word' id='word_1_61' title='bbox 215 1270 268 1349; x_wconf 92' lang='lat' dir='ltr'>qui</span> <span class='ocrx_word' id='word_1_62' title='bbox 305 1270 423 1334; x_wconf 91' lang='lat' dir='ltr'>oblata</span> <span class='ocrx_word' id='word_1_63' title='bbox 451 1270 544 1351; x_wconf 89' lang='lat' dir='ltr'>regni</span> <span class='ocrx_word' id='word_1_64' title='bbox 580 1273 675 1351; x_wconf 88' lang='lat' dir='ltr'>parte</span> <span class='ocrx_word' id='word_1_65' title='bbox 707 1269 872 1351; x_wconf 79' lang='lat' dir='ltr'>Thyestae</span> <span class='ocrx_word' id='word_1_66' title='bbox 903 1269 1100 1349; x_wconf 89' lang='lat' dir='ltr'>persuadent</span> <span class='ocrx_word' id='word_1_67' title='bbox 1130 1274 1167 1334; x_wconf 92' lang='lat' dir='ltr'>ut</span> <span class='ocrx_word' id='word_1_68' title='bbox 1198 1269 1321 1333; x_wconf 90' lang='lat' dir='ltr'>redeat.</span> 
     </span>
     <span class='ocr_line' id='line_1_10' title="bbox 213 1372 1324 1456; baseline -0.001 -17"><span class='ocrx_word' id='word_1_69' title='bbox 213 1372 345 1443; x_wconf 86' lang='lat' dir='ltr'>reverso</span> <span class='ocrx_word' id='word_1_70' title='bbox 376 1376 450 1441; x_wconf 92' lang='lat' dir='ltr'>dein</span> <span class='ocrx_word' id='word_1_71' title='bbox 482 1376 769 1454; x_wconf 82' lang='lat' dir='ltr'>fraudulenterque</span> <span class='ocrx_word' id='word_1_72' title='bbox 801 1373 938 1456; x_wconf 88' lang='lat' dir='ltr'>benigno</span> <span class='ocrx_word' id='word_1_73' title='bbox 962 1375 1054 1440; x_wconf 91' lang='lat' dir='ltr'>vultu</span> <span class='ocrx_word' id='word_1_74' title='bbox 1081 1379 1217 1456; x_wconf 82' lang='lat' dir='ltr'>excepto</span> <span class='ocrx_word' id='word_1_75' title='bbox 1240 1394 1324 1445; x_wconf 89' lang='lat' dir='ltr'>mac-</span> 
     </span>
     <span class='ocr_line' id='line_1_11' title="bbox 215 1479 1323 1566; baseline -0.001 -20"><span class='ocrx_word' id='word_1_76' title='bbox 215 1487 302 1547; x_wconf 89' lang='lat' dir='ltr'>tatos</span> <span class='ocrx_word' id='word_1_77' title='bbox 331 1482 415 1546; x_wconf 91' lang='lat' dir='ltr'>filios</span> <span class='ocrx_word' id='word_1_78' title='bbox 445 1482 579 1563; x_wconf 92' lang='lat' dir='ltr'>apponit</span> <span class='ocrx_word' id='word_1_79' title='bbox 602 1501 629 1545; x_wconf 95' lang='lat' dir='ltr'>e.</span> <span class='ocrx_word' id='word_1_80' title='bbox 655 1501 684 1561; x_wconf 88' lang='lat' dir='ltr'>q.</span> <span class='ocrx_word' id='word_1_81' title='bbox 709 1500 734 1545; x_wconf 91' lang='lat' dir='ltr'>s.</span> <span class='ocrx_word' id='word_1_82' title='bbox 759 1479 848 1564; x_wconf 86' lang='lat' dir='ltr'>(inde</span> <span class='ocrx_word' id='word_1_83' title='bbox 871 1500 901 1546; x_wconf 88' lang='lat' dir='ltr'>v.</span> <span class='ocrx_word' id='word_1_84' title='bbox 926 1485 987 1545; x_wconf 86' lang='lat'>491</span> <span class='ocrx_word' id='word_1_85' title='bbox 1015 1501 1114 1560; x_wconf 92' lang='lat' dir='ltr'>usque</span> <span class='ocrx_word' id='word_1_86' title='bbox 1137 1481 1180 1545; x_wconf 88' lang='lat' dir='ltr'>ad</span> <span class='ocrx_word' id='word_1_87' title='bbox 1203 1480 1323 1566; x_wconf 84' lang='lat' dir='ltr'>finem).</span> 
     </span>
     <span class='ocr_line' id='line_1_12' title="bbox 215 1586 1324 1669; baseline 0 -17"><span class='ocrx_word' id='word_1_88' title='bbox 215 1588 369 1667; x_wconf 93' lang='lat' dir='ltr'>quomodo</span> <span class='ocrx_word' id='word_1_89' title='bbox 401 1588 523 1653; x_wconf 85' lang='lat' dir='ltr'>factum</span> <span class='ocrx_word' id='word_1_90' title='bbox 555 1592 615 1669; x_wconf 90' lang='lat' dir='ltr'>est,</span> <span class='ocrx_word' id='word_1_91' title='bbox 653 1591 689 1652; x_wconf 94' lang='lat' dir='ltr'>ut</span> <span class='ocrx_word' id='word_1_92' title='bbox 719 1590 852 1667; x_wconf 87' lang='lat' dir='ltr'>praeter</span> <span class='ocrx_word' id='word_1_93' title='bbox 884 1586 949 1650; x_wconf 89' lang='lat' dir='ltr'>aha</span> <span class='ocrx_word' id='word_1_94' title='bbox 980 1588 1083 1651; x_wconf 92' lang='lat' dir='ltr'>multa</span> <span class='ocrx_word' id='word_1_95' title='bbox 1114 1606 1324 1668; x_wconf 90' lang='lat' dir='ltr'>personarum</span> 
     </span>
     <span class='ocr_line' id='line_1_13' title="bbox 215 1692 1323 1774; baseline 0 -15"><span class='ocrx_word' id='word_1_96' title='bbox 215 1713 339 1774; x_wconf 92' lang='lat' dir='ltr'>quoque</span> <span class='ocrx_word' id='word_1_97' title='bbox 362 1714 467 1759; x_wconf 92' lang='lat' dir='ltr'>mores</span> <span class='ocrx_word' id='word_1_98' title='bbox 486 1694 603 1759; x_wconf 90' lang='lat' dir='ltr'>mutati</span> <span class='ocrx_word' id='word_1_99' title='bbox 622 1693 697 1758; x_wconf 88' lang='lat' dir='ltr'>sint.</span> <span class='ocrx_word' id='word_1_100' title='bbox 722 1692 868 1773; x_wconf 83' lang='lat' dir='ltr'>exceptis</span> <span class='ocrx_word' id='word_1_101' title='bbox 887 1712 1001 1773; x_wconf 91' lang='lat' dir='ltr'>nempe</span> <span class='ocrx_word' id='word_1_102' title='bbox 1019 1693 1179 1774; x_wconf 85' lang='lat' dir='ltr'>prioribus</span> <span class='ocrx_word' id='word_1_103' title='bbox 1195 1693 1323 1759; x_wconf 91' lang='lat' dir='ltr'>delictis</span> 
     </span>
    </p>
   </div>
   <div class='ocr_carea' id='block_1_3' title="bbox 104 1798 1324 1882">
    <p class='ocr_par' dir='ltr' id='par_1_3' title="bbox 104 1798 1324 1882">
     <span class='ocr_line' id='line_1_14' title="bbox 104 1798 1324 1882; baseline 0 -18"><span class='ocrx_word' id='word_1_104' title='bbox 104 1835 106 1840; x_wconf 82' lang='lat'>.</span> <span class='ocrx_word' id='word_1_105' title='bbox 214 1820 345 1881; x_wconf 87' lang='lat' dir='ltr'>prorsus</span> <span class='ocrx_word' id='word_1_106' title='bbox 368 1801 522 1865; x_wconf 79' lang='lat' dir='ltr'>innocens</span> <span class='ocrx_word' id='word_1_107' title='bbox 550 1804 600 1865; x_wconf 91' lang='lat' dir='ltr'>est</span> <span class='ocrx_word' id='word_1_108' title='bbox 624 1800 802 1881; x_wconf 82' lang='lat' dir='ltr'>Thyestes:</span> <span class='ocrx_word' id='word_1_109' title='bbox 836 1798 938 1865; x_wconf 91' lang='lat' dir='ltr'>vitam</span> <span class='ocrx_word' id='word_1_110' title='bbox 970 1799 1041 1882; x_wconf 90' lang='lat' dir='ltr'>agit</span> <span class='ocrx_word' id='word_1_111' title='bbox 1070 1798 1232 1881; x_wconf 89' lang='lat' dir='ltr'>integram</span> <span class='ocrx_word' id='word_1_112' title='bbox 1264 1819 1324 1864; x_wconf 87' lang='lat' dir='ltr'>nec</span> 
     </span>
    </p>
   </div>
   <div class='ocr_carea' id='block_1_4' title="bbox 200 1904 1323 4107">
    <p class='ocr_par' dir='ltr' id='par_1_4' title="bbox 213 1904 1323 2302">
     <span class='ocr_line' id='line_1_15' title="bbox 213 1904 1323 1990; baseline 0 -19"><span class='ocrx_word' id='word_1_113' title='bbox 213 1907 277 1971; x_wconf 92' lang='lat' dir='ltr'>ullo</span> <span class='ocrx_word' id='word_1_114' title='bbox 310 1907 402 1971; x_wconf 89' lang='lat' dir='ltr'>modo</span> <span class='ocrx_word' id='word_1_115' title='bbox 431 1925 565 1988; x_wconf 90' lang='lat' dir='ltr'>regnum</span> <span class='ocrx_word' id='word_1_116' title='bbox 598 1905 724 1987; x_wconf 89' lang='lat' dir='ltr'>appetit</span> <span class='ocrx_word' id='word_1_117' title='bbox 748 1904 793 1989; x_wconf 88' lang='lat' dir='ltr'>(v.</span> <span class='ocrx_word' id='word_1_118' title='bbox 817 1905 1016 1990; x_wconf 83' lang='lat'>404-543).</span> <span class='ocrx_word' id='word_1_119' title='bbox 1063 1905 1183 1970; x_wconf 79' lang='lat' dir='ltr'>Atreus</span> <span class='ocrx_word' id='word_1_120' title='bbox 1216 1910 1323 1971; x_wconf 93' lang='lat' dir='ltr'>autem</span> 
     </span>
     <span class='ocr_line' id='line_1_16' title="bbox 214 2011 1322 2092; baseline -0.002 -15"><span class='ocrx_word' id='word_1_121' title='bbox 214 2031 336 2078; x_wconf 93' lang='lat' dir='ltr'>summa</span> <span class='ocrx_word' id='word_1_122' title='bbox 359 2013 410 2077; x_wconf 92' lang='lat' dir='ltr'>ira</span> <span class='ocrx_word' id='word_1_123' title='bbox 441 2013 475 2077; x_wconf 91' lang='lat' dir='ltr'>in</span> <span class='ocrx_word' id='word_1_124' title='bbox 502 2012 639 2077; x_wconf 81' lang='lat' dir='ltr'>fratrem</span> <span class='ocrx_word' id='word_1_125' title='bbox 670 2011 886 2076; x_wconf 87' lang='lat' dir='ltr'>infiammatus</span> <span class='ocrx_word' id='word_1_126' title='bbox 919 2011 1037 2076; x_wconf 91' lang='lat' dir='ltr'>iniuria</span> <span class='ocrx_word' id='word_1_127' title='bbox 1060 2011 1210 2092; x_wconf 91' lang='lat' dir='ltr'>opinatur</span> <span class='ocrx_word' id='word_1_128' title='bbox 1233 2011 1322 2076; x_wconf 92' lang='lat' dir='ltr'>illum</span> 
     </span>
     <span class='ocr_line' id='line_1_17' title="bbox 214 2117 1323 2204; baseline -0.001 -21"><span class='ocrx_word' id='word_1_129' title='bbox 214 2139 249 2183; x_wconf 91' lang='lat' dir='ltr'>se</span> <span class='ocrx_word' id='word_1_130' title='bbox 272 2139 372 2201; x_wconf 87' lang='lat' dir='ltr'>regno</span> <span class='ocrx_word' id='word_1_131' title='bbox 396 2119 528 2200; x_wconf 89' lang='lat' dir='ltr'>privare</span> <span class='ocrx_word' id='word_1_132' title='bbox 551 2119 635 2184; x_wconf 90' lang='lat' dir='ltr'>velle</span> <span class='ocrx_word' id='word_1_133' title='bbox 659 2117 704 2202; x_wconf 88' lang='lat' dir='ltr'>(v.</span> <span class='ocrx_word' id='word_1_134' title='bbox 731 2123 792 2182; x_wconf 84' lang='grc'>176</span> <span class='ocrx_word' id='word_1_135' title='bbox 818 2137 881 2200; x_wconf 88' lang='lat' dir='ltr'>sq.;</span> <span class='ocrx_word' id='word_1_136' title='bbox 908 2124 969 2182; x_wconf 79' lang='lat'>289</span> <span class='ocrx_word' id='word_1_137' title='bbox 995 2117 1056 2204; x_wconf 90' lang='lat' dir='ltr'>sq.)</span> <span class='ocrx_word' id='word_1_138' title='bbox 1087 2118 1242 2198; x_wconf 86' lang='lat' dir='ltr'>falsisque</span> <span class='ocrx_word' id='word_1_139' title='bbox 1266 2119 1323 2183; x_wconf 89' lang='lat' dir='ltr'>cri-</span> 
     </span>
     <span class='ocr_line' id='line_1_18' title="bbox 214 2225 868 2302; baseline -0.003 -13"><span class='ocrx_word' id='word_1_140' title='bbox 214 2225 351 2290; x_wconf 90' lang='lat' dir='ltr'>minibus</span> <span class='ocrx_word' id='word_1_141' title='bbox 374 2245 446 2290; x_wconf 92' lang='lat' dir='ltr'>eum</span> <span class='ocrx_word' id='word_1_142' title='bbox 468 2225 634 2290; x_wconf 92' lang='lat' dir='ltr'>insimulat</span> <span class='ocrx_word' id='word_1_143' title='bbox 656 2244 687 2291; x_wconf 88' lang='lat' dir='ltr'>v.</span> <span class='ocrx_word' id='word_1_144' title='bbox 714 2228 798 2288; x_wconf 83' lang='grc'>1104</span> <span class='ocrx_word' id='word_1_145' title='bbox 821 2242 868 2302; x_wconf 91' lang='lat' dir='ltr'>sq.</span> 
     </span>
    </p>

    <p class='ocr_par' dir='ltr' id='par_1_5' title="bbox 200 2329 1322 4107">
     <span class='ocr_line' id='line_1_19' title="bbox 319 2329 1322 2413; baseline 0.002 -18"><span class='ocrx_word' id='word_1_146' title='bbox 319 2332 410 2396; x_wconf 88' lang='lat' dir='ltr'>Haec</span> <span class='ocrx_word' id='word_1_147' title='bbox 434 2331 540 2395; x_wconf 92' lang='lat' dir='ltr'>omnia</span> <span class='ocrx_word' id='word_1_148' title='bbox 562 2331 611 2395; x_wconf 92' lang='lat' dir='ltr'>ita</span> <span class='ocrx_word' id='word_1_149' title='bbox 634 2350 669 2395; x_wconf 90' lang='lat' dir='ltr'>se</span> <span class='ocrx_word' id='word_1_150' title='bbox 692 2331 822 2410; x_wconf 88' lang='lat' dir='ltr'>habere,</span> <span class='ocrx_word' id='word_1_151' title='bbox 847 2333 884 2394; x_wconf 93' lang='lat' dir='ltr'>ut</span> <span class='ocrx_word' id='word_1_152' title='bbox 902 2349 919 2393; x_wconf 95' lang='grc'>6</span> <span class='ocrx_word' id='word_1_153' title='bbox 939 2329 1081 2395; x_wconf 85' lang='lat' dir='ltr'>Senecae</span> <span class='ocrx_word' id='word_1_154' title='bbox 1100 2330 1229 2413; x_wconf 90' lang='lat' dir='ltr'>ingenio</span> <span class='ocrx_word' id='word_1_155' title='bbox 1249 2336 1322 2397; x_wconf 91' lang='lat' dir='ltr'>orta</span> 
     </span>
     <span class='ocr_line' id='line_1_20' title="bbox 214 2437 1321 2518; baseline 0.002 -17"><span class='ocrx_word' id='word_1_156' title='bbox 214 2455 284 2501; x_wconf 85' lang='lat' dir='ltr'>esse</span> <span class='ocrx_word' id='word_1_157' title='bbox 316 2442 479 2516; x_wconf 89' lang='lat' dir='ltr'>nequeant</span> <span class='ocrx_word' id='word_1_158' title='bbox 508 2457 578 2502; x_wconf 93' lang='lat' dir='ltr'>cum</span> <span class='ocrx_word' id='word_1_159' title='bbox 610 2458 668 2518; x_wconf 93' lang='lat' dir='ltr'>per</span> <span class='ocrx_word' id='word_1_160' title='bbox 697 2455 731 2501; x_wconf 93' lang='lat' dir='ltr'>se</span> <span class='ocrx_word' id='word_1_161' title='bbox 762 2440 856 2517; x_wconf 90' lang='lat' dir='ltr'>patet</span> <span class='ocrx_word' id='word_1_162' title='bbox 878 2441 944 2500; x_wconf 93' lang='lat' dir='ltr'>tum</span> <span class='ocrx_word' id='word_1_163' title='bbox 970 2456 1007 2500; x_wconf 92' lang='lat' dir='ltr'>eo</span> <span class='ocrx_word' id='word_1_164' title='bbox 1031 2437 1213 2502; x_wconf 90' lang='lat' dir='ltr'>ostenditur</span> <span class='ocrx_word' id='word_1_165' title='bbox 1237 2439 1321 2518; x_wconf 89' lang='lat' dir='ltr'>quod</span> 
     </span>
     <span class='ocr_line' id='line_1_21' title="bbox 212 2542 1320 2625; baseline 0.003 -19"><span class='ocrx_word' id='word_1_166' title='bbox 212 2543 334 2625; x_wconf 81' lang='lat' dir='ltr'>Hygini</span> <span class='ocrx_word' id='word_1_167' title='bbox 357 2542 421 2607; x_wconf 85' lang='lat' dir='ltr'>fab.</span> <span class='ocrx_word' id='word_1_168' title='bbox 447 2550 488 2608; x_wconf 84' lang='grc'>88</span> <span class='ocrx_word' id='word_1_169' title='bbox 512 2543 581 2608; x_wconf 90' lang='grc'>1616</span> <span class='ocrx_word' id='word_1_170' title='bbox 604 2544 689 2607; x_wconf 89' lang='lat' dir='ltr'>idem</span> <span class='ocrx_word' id='word_1_171' title='bbox 713 2543 826 2623; x_wconf 86' lang='lat' dir='ltr'>tradit,</span> <span class='ocrx_word' id='word_1_172' title='bbox 851 2562 922 2606; x_wconf 93' lang='lat' dir='ltr'>nam</span> <span class='ocrx_word' id='word_1_173' title='bbox 947 2542 1110 2625; x_wconf 87' lang='lat' dir='ltr'>Hyginum</span> <span class='ocrx_word' id='word_1_174' title='bbox 1134 2563 1151 2608; x_wconf 91' lang='lat' dir='ltr'>e</span> <span class='ocrx_word' id='word_1_175' title='bbox 1176 2544 1320 2609; x_wconf 83' lang='lat' dir='ltr'>Senecae</span> 
     </span>
     <span class='ocr_line' id='line_1_22' title="bbox 211 2649 1319 2732; baseline 0.002 -19"><span class='ocrx_word' id='word_1_176' title='bbox 211 2649 390 2732; x_wconf 88' lang='lat' dir='ltr'>tragoediis</span> <span class='ocrx_word' id='word_1_177' title='bbox 408 2649 565 2732; x_wconf 86' lang='lat' dir='ltr'>hausisse,</span> <span class='ocrx_word' id='word_1_178' title='bbox 586 2654 622 2714; x_wconf 95' lang='lat' dir='ltr'>ut</span> <span class='ocrx_word' id='word_1_179' title='bbox 642 2651 831 2716; x_wconf 88' lang='lat' dir='ltr'>Welckerus</span> <span class='ocrx_word' id='word_1_180' title='bbox 850 2670 880 2730; x_wconf 95' lang='lat' dir='ltr'>p.</span> <span class='ocrx_word' id='word_1_181' title='bbox 898 2654 959 2713; x_wconf 87' lang='grc'>361</span> <span class='ocrx_word' id='word_1_182' title='bbox 981 2652 1015 2713; x_wconf 84' lang='grc'>61</span> <span class='ocrx_word' id='word_1_183' title='bbox 1034 2654 1096 2713; x_wconf 86' lang='grc'>367</span> <span class='ocrx_word' id='word_1_184' title='bbox 1118 2649 1206 2731; x_wconf 90' lang='lat' dir='ltr'>dicit,</span> <span class='ocrx_word' id='word_1_185' title='bbox 1226 2670 1319 2715; x_wconf 90' lang='lat' dir='ltr'>nemo</span> 
     </span>
     <span class='ocr_line' id='line_1_23' title="bbox 210 2755 1319 2837; baseline 0.001 -17"><span class='ocrx_word' id='word_1_186' title='bbox 210 2756 275 2821; x_wconf 92' lang='lat' dir='ltr'>iam</span> <span class='ocrx_word' id='word_1_187' title='bbox 299 2756 522 2837; x_wconf 86' lang='lat' dir='ltr'>arbitrabitur,</span> <span class='ocrx_word' id='word_1_188' title='bbox 557 2776 627 2820; x_wconf 85' lang='lat' dir='ltr'>curn</span> <span class='ocrx_word' id='word_1_189' title='bbox 650 2756 746 2837; x_wconf 92' lang='lat' dir='ltr'>plane</span> <span class='ocrx_word' id='word_1_190' title='bbox 770 2755 950 2819; x_wconf 89' lang='lat' dir='ltr'>inauditum</span> <span class='ocrx_word' id='word_1_191' title='bbox 973 2755 1017 2819; x_wconf 89' lang='lat' dir='ltr'>sit</span> <span class='ocrx_word' id='word_1_192' title='bbox 1040 2761 1207 2836; x_wconf 88' lang='lat' dir='ltr'>spectasse</span> <span class='ocrx_word' id='word_1_193' title='bbox 1231 2756 1319 2822; x_wconf 95' lang='lat' dir='ltr'>illum</span> 
     </span>
     <span class='ocr_line' id='line_1_24' title="bbox 210 2862 1320 2946; baseline 0.004 -20"><span class='ocrx_word' id='word_1_194' title='bbox 210 2863 417 2929; x_wconf 86' lang='lat' dir='ltr'>novissimam</span> <span class='ocrx_word' id='word_1_195' title='bbox 440 2862 640 2945; x_wconf 90' lang='lat' dir='ltr'>tragoediam</span> <span class='ocrx_word' id='word_1_196' title='bbox 664 2863 856 2946; x_wconf 74' lang='lat' dir='ltr'>Romanam,</span> <span class='ocrx_word' id='word_1_197' title='bbox 885 2882 944 2927; x_wconf 91' lang='lat' dir='ltr'>nec</span> <span class='ocrx_word' id='word_1_198' title='bbox 967 2863 1070 2928; x_wconf 93' lang='lat' dir='ltr'>minus</span> <span class='ocrx_word' id='word_1_199' title='bbox 1093 2865 1228 2928; x_wconf 92' lang='lat' dir='ltr'>Braunii</span> <span class='ocrx_word' id='word_1_200' title='bbox 1252 2884 1320 2930; x_wconf 91' lang='lat' dir='ltr'>sen-</span> 
     </span>
     <span class='ocr_line' id='line_1_25' title="bbox 211 2967 1319 3053; baseline 0.004 -22"><span class='ocrx_word' id='word_1_201' title='bbox 211 2968 315 3032; x_wconf 91' lang='lat' dir='ltr'>tentia</span> <span class='ocrx_word' id='word_1_202' title='bbox 339 2967 435 3053; x_wconf 85' lang='lat' dir='ltr'>(Mus.</span> <span class='ocrx_word' id='word_1_203' title='bbox 456 2968 558 3032; x_wconf 88' lang='lat' dir='ltr'>Rhen.</span> <span class='ocrx_word' id='word_1_204' title='bbox 587 2973 626 3032; x_wconf 79' lang='lat'>32</span> <span class='ocrx_word' id='word_1_205' title='bbox 650 2987 681 3048; x_wconf 92' lang='lat' dir='ltr'>p.</span> <span class='ocrx_word' id='word_1_206' title='bbox 709 2968 774 3052; x_wconf 80' lang='lat'>79),</span> <span class='ocrx_word' id='word_1_207' title='bbox 805 2969 928 3051; x_wconf 91' lang='lat' dir='ltr'>Hygini</span> <span class='ocrx_word' id='word_1_208' title='bbox 950 2969 1132 3034; x_wconf 81' lang='lat' dir='ltr'>fabularum</span> <span class='ocrx_word' id='word_1_209' title='bbox 1160 2971 1319 3035; x_wconf 91' lang='lat' dir='ltr'>rationem</span> 
     </span>
     <span class='ocr_line' id='line_1_26' title="bbox 210 3074 1319 3158; baseline 0.005 -22"><span class='ocrx_word' id='word_1_210' title='bbox 210 3074 360 3139; x_wconf 89' lang='lat' dir='ltr'>habuisse</span> <span class='ocrx_word' id='word_1_211' title='bbox 394 3075 564 3155; x_wconf 85' lang='lat' dir='ltr'>Senecam,</span> <span class='ocrx_word' id='word_1_212' title='bbox 603 3075 795 3155; x_wconf 81' lang='lat' dir='ltr'>exploditur.</span> <span class='ocrx_word' id='word_1_213' title='bbox 841 3076 978 3156; x_wconf 88' lang='lat' dir='ltr'>legimus</span> <span class='ocrx_word' id='word_1_214' title='bbox 1015 3076 1099 3140; x_wconf 90' lang='lat' dir='ltr'>enim</span> <span class='ocrx_word' id='word_1_215' title='bbox 1136 3078 1196 3141; x_wconf 88' lang='lat' dir='ltr'>hoo</span> <span class='ocrx_word' id='word_1_216' title='bbox 1233 3078 1319 3158; x_wconf 92' lang='lat' dir='ltr'>apud</span> 
     </span>
     <span class='ocr_line' id='line_1_27' title="bbox 208 3177 1319 3267; baseline 0.005 -27"><span class='ocrx_word' id='word_1_217' title='bbox 208 3177 391 3260; x_wconf 84' lang='lat' dir='ltr'>Hyginum:</span> <span class='ocrx_word' id='word_1_218' title='bbox 429 3182 543 3244; x_wconf 80' lang='lat' dir='ltr'>Atreus</span> <span class='ocrx_word' id='word_1_219' title='bbox 575 3180 693 3264; x_wconf 79' lang='lat' dir='ltr'>Pelopis</span> <span class='ocrx_word' id='word_1_220' title='bbox 723 3188 749 3244; x_wconf 85' lang='lat' dir='ltr'>ct</span> <span class='ocrx_word' id='word_1_221' title='bbox 775 3181 1005 3264; x_wconf 72' lang='lat' dir='ltr'>qunodoroinc</span> <span class='ocrx_word' id='word_1_222' title='bbox 1032 3181 1117 3263; x_wconf 76' lang='lat' dir='ltr'>filius</span> <span class='ocrx_word' id='word_1_223' title='bbox 1146 3184 1266 3267; x_wconf 76' lang='lat' dir='ltr'>cupiam</span> <span class='ocrx_word' id='word_1_224' title='bbox 1298 3206 1319 3246; x_wconf 88' lang='grc'>6</span> 
     </span>
     <span class='ocr_line' id='line_1_28' title="bbox 215 3284 1318 3372; baseline 0.005 -25"><span class='ocrx_word' id='word_1_225' title='bbox 215 3286 337 3369; x_wconf 68' lang='lat' dir='ltr'>[Ibycum</span> <span class='ocrx_word' id='word_1_226' title='bbox 353 3287 456 3368; x_wconf 73' lang='lat' dir='ltr'>fratre</span> <span class='ocrx_word' id='word_1_227' title='bbox 468 3307 524 3350; x_wconf 81' lang='lat' dir='ltr'>suo</span> <span class='ocrx_word' id='word_1_228' title='bbox 542 3288 678 3350; x_wconf 79' lang='lat' dir='ltr'>mimica</span> <span class='ocrx_word' id='word_1_229' title='bbox 692 3289 797 3371; x_wconf 78' lang='lat' dir='ltr'>exequi</span> <span class='ocrx_word' id='word_1_230' title='bbox 811 3288 845 3350; x_wconf 89' lang='grc'>16</span> <span class='ocrx_word' id='word_1_231' title='bbox 861 3289 998 3371; x_wconf 75' lang='lat' dir='ltr'>qratiam</span> <span class='ocrx_word' id='word_1_232' title='bbox 1016 3309 1084 3352; x_wconf 84' lang='lat' dir='ltr'>cum</span> <span class='ocrx_word' id='word_1_233' title='bbox 1103 3310 1134 3351; x_wconf 85' lang='lat' dir='ltr'>eo</span> <span class='ocrx_word' id='word_1_234' title='bbox 1152 3284 1273 3372; x_wconf 79' lang='lat' dir='ltr'>rediit¹)</span> <span class='ocrx_word' id='word_1_235' title='bbox 1293 3298 1318 3353; x_wconf 86' lang='grc'>61</span> 
     </span>
     <span class='ocr_line' id='line_1_29' title="bbox 208 3395 1318 3482; baseline 0.006 -28"><span class='ocrx_word' id='word_1_236' title='bbox 208 3395 242 3455; x_wconf 90' lang='grc'>16</span> <span class='ocrx_word' id='word_1_237' title='bbox 256 3414 383 3477; x_wconf 73' lang='lat' dir='ltr'>requam</span> <span class='ocrx_word' id='word_1_238' title='bbox 397 3416 487 3458; x_wconf 81' lang='lat' dir='ltr'>suum</span> <span class='ocrx_word' id='word_1_239' title='bbox 502 3417 569 3457; x_wconf 82' lang='grc'>6666</span> <span class='ocrx_word' id='word_1_240' title='bbox 584 3397 715 3478; x_wconf 71' lang='lat' dir='ltr'>reducit,</span> <span class='ocrx_word' id='word_1_241' title='bbox 730 3396 866 3479; x_wconf 74' lang='lat' dir='ltr'>filiosque</span> <span class='ocrx_word' id='word_1_242' title='bbox 880 3398 943 3458; x_wconf 81' lang='lat' dir='ltr'>cius</span> <span class='ocrx_word' id='word_1_243' title='bbox 957 3397 1093 3478; x_wconf 76' lang='lat' dir='ltr'>infamas</span> <span class='ocrx_word' id='word_1_244' title='bbox 1109 3397 1277 3482; x_wconf 73' lang='lat' dir='ltr'>Tantalum</span> <span class='ocrx_word' id='word_1_245' title='bbox 1291 3406 1318 3461; x_wconf 85' lang='grc'>61</span> 
     </span>
     <span class='ocr_line' id='line_1_30' title="bbox 207 3497 1317 3582; baseline 0.003 -21"><span class='ocrx_word' id='word_1_246' title='bbox 207 3498 392 3561; x_wconf 71' lang='lat' dir='ltr'>Plisthenem</span> <span class='ocrx_word' id='word_1_247' title='bbox 416 3501 523 3562; x_wconf 78' lang='lat' dir='ltr'>occidit</span> <span class='ocrx_word' id='word_1_248' title='bbox 547 3535 587 3543; x_wconf 91' lang='lat'>—</span> <span class='ocrx_word' id='word_1_249' title='bbox 612 3497 668 3582; x_wconf 89' lang='grc'>(61.</span> <span class='ocrx_word' id='word_1_250' title='bbox 692 3497 756 3562; x_wconf 85' lang='lat' dir='ltr'>fab.</span> <span class='ocrx_word' id='word_1_251' title='bbox 784 3504 844 3563; x_wconf 75' lang='lat'>24:</span> <span class='ocrx_word' id='word_1_252' title='bbox 870 3499 924 3563; x_wconf 92' lang='lat' dir='ltr'>ubi</span> <span class='ocrx_word' id='word_1_253' title='bbox 948 3499 1061 3563; x_wconf 89' lang='lat' dir='ltr'>eadem</span> <span class='ocrx_word' id='word_1_254' title='bbox 1084 3500 1213 3564; x_wconf 91' lang='lat' dir='ltr'>nomina</span> <span class='ocrx_word' id='word_1_255' title='bbox 1237 3519 1317 3564; x_wconf 93' lang='lat' dir='ltr'>com·</span> 
     </span>
     <span class='ocr_line' id='line_1_31' title="bbox 207 3601 1316 3687; baseline 0.003 -20"><span class='ocrx_word' id='word_1_256' title='bbox 207 3601 449 3687; x_wconf 87' lang='lat' dir='ltr'>memorantur).</span> <span class='ocrx_word' id='word_1_257' title='bbox 469 3601 503 3667; x_wconf 95' lang='lat' dir='ltr'>in</span> <span class='ocrx_word' id='word_1_258' title='bbox 520 3603 729 3682; x_wconf 91' lang='lat' dir='ltr'>sequentibus</span> <span class='ocrx_word' id='word_1_259' title='bbox 743 3610 856 3668; x_wconf 86' lang='lat' dir='ltr'>narrat</span> <span class='ocrx_word' id='word_1_260' title='bbox 874 3604 1023 3687; x_wconf 89' lang='lat' dir='ltr'>Hyginus</span> <span class='ocrx_word' id='word_1_261' title='bbox 1036 3605 1203 3686; x_wconf 89' lang='lat' dir='ltr'>Pelopiam</span> <span class='ocrx_word' id='word_1_262' title='bbox 1221 3606 1316 3671; x_wconf 87' lang='lat' dir='ltr'>t&#39;oede</span> 
     </span>
     <span class='ocr_line' id='line_1_32' title="bbox 207 3709 1314 3792; baseline 0.003 -20"><span class='ocrx_word' id='word_1_263' title='bbox 207 3728 227 3772; x_wconf 95' lang='lat' dir='ltr'>a</span> <span class='ocrx_word' id='word_1_264' title='bbox 246 3713 341 3789; x_wconf 90' lang='lat' dir='ltr'>patre</span> <span class='ocrx_word' id='word_1_265' title='bbox 362 3727 576 3788; x_wconf 89' lang='lat' dir='ltr'>compressam</span> <span class='ocrx_word' id='word_1_266' title='bbox 594 3709 787 3791; x_wconf 82' lang='lat' dir='ltr'>Aegisthum</span> <span class='ocrx_word' id='word_1_267' title='bbox 810 3710 975 3791; x_wconf 90' lang='lat' dir='ltr'>peperisse</span> <span class='ocrx_word' id='word_1_268' title='bbox 995 3710 1049 3790; x_wconf 92' lang='lat' dir='ltr'>qui</span> <span class='ocrx_word' id='word_1_269' title='bbox 1073 3712 1113 3775; x_wconf 92' lang='lat' dir='ltr'>ab</span> <span class='ocrx_word' id='word_1_270' title='bbox 1132 3711 1233 3775; x_wconf 90' lang='lat' dir='ltr'>Atreo</span> <span class='ocrx_word' id='word_1_271' title='bbox 1256 3732 1314 3792; x_wconf 94' lang='lat' dir='ltr'>pro</span> 
     </span>
     <span class='ocr_line' id='line_1_33' title="bbox 206 3813 1314 3902; baseline 0.005 -26"><span class='ocrx_word' id='word_1_272' title='bbox 206 3832 263 3878; x_wconf 85' lang='lat' dir='ltr'>suo</span> <span class='ocrx_word' id='word_1_273' title='bbox 278 3813 434 3879; x_wconf 83' lang='lat' dir='ltr'>educatus</span> <span class='ocrx_word' id='word_1_274' title='bbox 453 3813 506 3894; x_wconf 84' lang='lat' dir='ltr'>sn,</span> <span class='ocrx_word' id='word_1_275' title='bbox 527 3813 643 3878; x_wconf 86' lang='lat' dir='ltr'>deinde</span> <span class='ocrx_word' id='word_1_276' title='bbox 656 3815 764 3896; x_wconf 86' lang='lat' dir='ltr'>pergit</span> <span class='ocrx_word' id='word_1_277' title='bbox 785 3819 905 3879; x_wconf 80' lang='lat' dir='ltr'>iuterim</span> <span class='ocrx_word' id='word_1_278' title='bbox 919 3819 1031 3882; x_wconf 81' lang='lat' dir='ltr'>Atreus</span> <span class='ocrx_word' id='word_1_279' title='bbox 1045 3819 1139 3881; x_wconf 77' lang='grc'>1611111</span> <span class='ocrx_word' id='word_1_280' title='bbox 1152 3820 1314 3902; x_wconf 74' lang='lat' dir='ltr'>Aquinum-</span> 
     </span>
     <span class='ocr_line' id='line_1_34' title="bbox 206 3919 1315 4006; baseline 0.005 -26"><span class='ocrx_word' id='word_1_281' title='bbox 206 3940 313 3983; x_wconf 81' lang='lat' dir='ltr'>ooncm</span> <span class='ocrx_word' id='word_1_282' title='bbox 328 3919 542 3983; x_wconf 81' lang='grc'>6111166616616</span> <span class='ocrx_word' id='word_1_283' title='bbox 560 3919 698 4001; x_wconf 70' lang='grc'>11166661</span> <span class='ocrx_word' id='word_1_284' title='bbox 717 3923 926 4004; x_wconf 80' lang='lat' dir='ltr'>quaerendum</span> <span class='ocrx_word' id='word_1_285' title='bbox 951 3921 1094 4006; x_wconf 78' lang='lat' dir='ltr'>Thyestea</span> <span class='ocrx_word' id='word_1_286' title='bbox 1113 3923 1167 4005; x_wconf 85' lang='lat' dir='ltr'>qm&#39;</span> <span class='ocrx_word' id='word_1_287' title='bbox 1185 3922 1315 4006; x_wconf 78' lang='lat' dir='ltr'>Delphos</span> 
     </span>
     <span class='ocr_line' id='line_1_35' title="bbox 200 4023 1314 4107; baseline 0.003 -21"><span class='ocrx_word' id='word_1_288' title='bbox 200 4026 562 4107; x_wconf 71' lang='grc'>661161661661661161661</span> <span class='ocrx_word' id='word_1_289' title='bbox 586 4042 613 4087; x_wconf 88' lang='grc'>6.</span> <span class='ocrx_word' id='word_1_290' title='bbox 638 4043 667 4102; x_wconf 91' lang='lat' dir='ltr'>q.</span> <span class='ocrx_word' id='word_1_291' title='bbox 693 4041 717 4087; x_wconf 84' lang='lat' dir='ltr'>S.</span> <span class='ocrx_word' id='word_1_292' title='bbox 756 4023 961 4089; x_wconf 84' lang='lat' dir='ltr'>consentiunt</span> <span class='ocrx_word' id='word_1_293' title='bbox 983 4024 1092 4107; x_wconf 87' lang='lat' dir='ltr'>igitur,</span> <span class='ocrx_word' id='word_1_294' title='bbox 1125 4025 1203 4089; x_wconf 84' lang='lat' dir='ltr'>licet</span> <span class='ocrx_word' id='word_1_295' title='bbox 1233 4025 1314 4089; x_wconf 86' lang='lat' dir='ltr'>nihil</span> 
     </span>
    </p>
   </div>
   <div class='ocr_carea' id='block_1_5' title="bbox 312 4247 907 4317">
    <p class='ocr_par' dir='ltr' id='par_1_6' title="bbox 312 4247 907 4317">
     <span class='ocr_line' id='line_1_36' title="bbox 312 4247 907 4317; baseline 0.007 -17"><span class='ocrx_word' id='word_1_296' title='bbox 312 4247 333 4315; x_wconf 85' lang='lat'>¹)</span> <span class='ocrx_word' id='word_1_297' title='bbox 352 4248 404 4301; x_wconf 84' lang='lat' dir='ltr'>fab.</span> <span class='ocrx_word' id='word_1_298' title='bbox 423 4252 475 4302; x_wconf 79' lang='lat'>258</span> <span class='ocrx_word' id='word_1_299' title='bbox 492 4251 581 4317; x_wconf 91' lang='lat' dir='ltr'>paullo</span> <span class='ocrx_word' id='word_1_300' title='bbox 599 4250 681 4305; x_wconf 86' lang='lat' dir='ltr'>aliter</span> <span class='ocrx_word' id='word_1_301' title='bbox 698 4266 741 4304; x_wconf 90' lang='lat' dir='ltr'>res</span> <span class='ocrx_word' id='word_1_302' title='bbox 760 4256 907 4305; x_wconf 87' lang='lat' dir='ltr'>enarratur.</span> 
     </span>
    </p>
   </div>
   <div class='ocr_carea' id='block_1_6' title="bbox 0 0 1530 4882">
    <p class='ocr_par' dir='ltr' id='par_1_7' title="bbox 0 0 1530 4882">
     <span class='ocr_line' id='line_1_37' title="bbox 0 0 1530 4882; baseline 0 4"><span class='ocrx_word' id='word_1_303' title='bbox 0 0 1530 4882; x_wconf 95' lang='lat' dir='ltr'> </span> 
     </span>
    </p>
   </div>
  </div>
 </body>
</html>
