3052 4882
1270 306 1318 378 51

220 509 374 577 monitum
391 518 488 578 noctu
507 510 697 579 adveniunt:
716 524 881 600 uyaoscuat
899 517 984 600 loapc
1001 538 1107 600 rapam,
1127 518 1321 580 lustrant·

220 643 289 706 pac
325 620 512 706 choreis)

324 726 456 809 Fragm.
491 733 529 791 5:
574 731 815 812 sollcraac'taspac
855 731 909 792 deo
949 730 1017 791 t‘tot
1061 729 1183 792 laudem
1218 728 1321 793 labeas

218 830 442 919 Ribbeckius¹)
467 832 603 897 contulit
625 852 695 898 oum
719 832 792 897 Seu.
815 851 846 898 v.
872 839 934 898 802
958 851 1004 911 sq.
1046 832 1101 897 ubi
1122 832 1320 915 Agamemno

219 938 269 1003 dis
300 939 426 1021 gratias
457 939 537 1022 agit.
582 958 622 1003 ne
655 938 856 1005 obliviscaris
893 943 1000 1003 autem
1036 938 1070 1002 id
1105 937 1321 1021 fragmentum

218 1045 314 1110 valde
351 1049 534 1127 corruptum
566 1064 586 1109 a
617 1044 794 1110 Ribbeckio
827 1044 874 1110 sio
906 1044 1113 1109 constitutum
1136 1063 1216 1109 esse.
1263 1044 1320 1110 alii

218 1151 314 1216 aliter
336 1152 449 1233 legunt
481 1150 594 1236 (etiam
621 1152 720 1217 Ribb.
754 1152 823 1234 ipse
851 1152 958 1233 paullo
989 1151 1085 1216 aliter
1113 1151 1147 1216 in
1175 1152 1228 1216 Tr.
1252 1151 1317 1238 R.).

217 1262 314 1337 atque
337 1258 465 1323 etiamsi
488 1257 574 1323 illius
597 1257 660 1323 viri
683 1258 770 1322 docti
793 1257 1009 1323 coniecturam
1031 1256 1190 1340 probaris
1214 1257 1318 1322 imita·

217 1363 313 1429 tionis
345 1368 454 1429 tamen
483 1383 543 1430 nec
565 1365 669 1430 volam
700 1383 760 1429 nec
781 1363 954 1446 vestigium
977 1362 1130 1429 invenies.
1177 1367 1318 1428 ceterum

217 1468 257 1533 os.
280 1469 397 1535 Aesch.
421 1490 452 1536 v.
479 1476 541 1534 774
565 1468 609 1554 (v.
633 1490 664 1552 p.
688 1469 756 1556 40).

321 1576 518 1659 Agamemno
560 1576 774 1641 Cassandram
820 1575 970 1640 miseriae
1019 1575 1184 1640 admoneri
1223 1579 1318 1642 vetat

215 1681 277 1764 frg.
307 1688 329 1746 4
365 1706 450 1747 rocrrzo
479 1685 550 1749 leoco
580 1692 749 1747 antrorum
777 1686 951 1748 coartabatur
979 1685 1111 1767 patelieri,
1141 1682 1224 1760 quod
1246 1700 1317 1746 con·

215 1787 319 1853 fertur
350 1808 420 1854 cum
451 1788 523 1852 Son.
547 1808 578 1856 v.
605 1794 667 1852 790
691 1807 738 1867 sq.
762 1792 797 1851 et
819 1794 882 1851 800
905 1807 953 1866 sq.
986 1785 1078 1871 (hooc
1108 1789 1175 1870 fido
1200 1789 1317 1870 farnad

214 1898 314 1979 turbu,
347 1899 423 1961 dura
445 1898 575 1961 eradiat
598 1899 696 1980 dmm,
719 1894 732 1980 s
753 1898 874 1959 rettrrctc
902 1916 940 1957 rra
962 1897 1037 1978 qaid
1059 1897 1204 1978 irupotcas
1220 1902 1316 1978 peccet

213 2000 339 2086 faron).
386 2000 484 2065 etiam
526 2001 611 2082 apud
646 2000 840 2083 Aeschylum
875 2000 1071 2082 Agamemno
1113 1999 1314 2064 Cassandrae

214 2107 353 2171 consulit
374 2107 471 2172 saluti
494 2126 524 2172 v.
550 2112 615 2171 914
637 2126 699 2187 sq.;
733 2107 778 2171 ibi
801 2106 885 2170 enim
907 2125 928 2170 a
950 2106 1208 2187 Clytaemnestra
1230 2105 1315 2187 petit

213 2217 250 2278 ut
272 2217 370 2295 capta
392 2215 473 2278 bene
496 2217 667 2278 tractetur.

317 2319 450 2402 Fragm.
475 2325 511 2384 3:
534 2323 637 2384 lamae
659 2323 757 2384 oculos
778 2323 871 2405 specta
888 2322 1037 2384 loaooisto'
1054 2319 1199 2403 optabili?
1218 2317 1313 2398 plane

214 2424 343 2490 dubium
379 2430 430 2490 est
467 2445 527 2505 quo
557 2425 721 2507 pertineat
747 2444 807 2490 nec
836 2425 966 2507 dignum
995 2423 1078 2503 quod
1109 2422 1311 2505 respiciatur,

213 2551 284 2597 cum
313 2531 389 2597 talis
417 2551 529 2597 sensus
559 2551 714 2611 nusquam
743 2536 903 2612 appareat
931 2531 964 2594 in
986 2529 1164 2594 Annaeana
1189 2527 1310 2594 fabula.

316 2638 449 2722 Fragm.
474 2645 512 2703 6:
671 2642 705 2703 io
723 2642 804 2704 sartae
827 2640 956 2703 conlocat
978 2659 1008 2701 sc
1029 2638 1146 2721 reptos:

372 2746 568 2810 Clutancstro
590 2748 709 2830 tuatim,
733 2749 837 2810 tertios
859 2752 951 2808 uotae
974 2749 1127 2828 occupant.

211 2870 282 2915 eam
301 2852 422 2916 obrem
436 2852 498 2916 huc
516 2850 632 2916 referri
646 2854 755 2932 potest
769 2849 853 2929 quod
867 2848 952 2930 apud
967 2846 1040 2911 Seu.
1055 2866 1086 2913 v.
1102 2851 1163 2910 875
1180 2865 1227 2925 sq.
1243 2864 1312 2910 oon-

210 2956 331 3024 vivium
352 2955 461 3042 11111ᾱῆ
485 2956 685 3021 describitur.
710 2955 800 3034 atqui
818 2955 846 3019 si
865 2954 987 3019 Seneca
1006 2951 1127 3016 imitari
1144 2951 1309 3033 voluisset,

210 3082 339 3129 causam
362 3082 425 3127 non
448 3063 552 3144 video,
577 3082 632 3127 cur
654 3066 751 3127 natas
775 3060 935 3125 omisisset
961 3058 1077 3124 tertias
1105 3061 1307 3137 occupantes.

313 3169 423 3251 Frgm.
457 3175 476 3233 6
509 3172 544 3233 et
571 3176 587 3233 7
622 3166 720 3252 (quod
752 3172 802 3232 est
830 3167 908 3231 hoc:
945 3168 1028 3250 aporos
1062 3187 1092 3229 se
1126 3167 1160 3228 ta
1196 3173 1310 3229 taram

207 3279 330 3343 saarim
365 3278 443 3361 fliytt
473 3274 596 3360 cocleae)
638 3274 666 3339 si
701 3278 777 3338 sunt
813 3270 1024 3351 Cassandrae,
1061 3268 1233 3335 vaticinari
1269 3288 1309 3334 ea

207 3381 337 3447 videtur
368 3381 480 3446 eodem
512 3380 639 3461 quidem
661 3378 753 3444 modo
777 3397 838 3458 quo
862 3376 948 3459 apud
971 3375 1140 3456 Senecam;
1173 3375 1239 3456 sed,
1272 3377 1326 3438 ut·

206 3487 270 3552 iam
294 3486 491 3568 supradixi,
515 3489 649 3568 possunt
671 3484 835 3550 narrantis
859 3502 940 3547 esse.

313 3715 333 3783 ¹)
352 3715 471 3769 incertus
489 3713 594 3780 quidem
612 3713 654 3766 vir
672 3713 765 3766 doctus
784 3717 832 3777 est,
850 3715 941 3764 utrum
954 3708 1109 3762 referendus
1123 3707 1159 3761 sit
1171 3706 1307 3761 versusad

206 3804 276 3858 Livii
301 3820 336 3857 an
354 3804 388 3857 ad
406 3802 481 3856 Accii
498 3801 658 3871 Aegisthum
677 3801 719 3854 oui
737 3800 769 3854 ab
788 3799 917 3854 Urbinate
934 3797 1014 3852 Nonii
1039 3797 1128 3851 codice
1153 3795 1239 3848 datur.
1276 3809 1305 3847 re

205 3908 269 3946 vera
287 3898 377 3945 autem
396 3891 508 3944 Urbinas
527 3906 579 3942 non
597 3894 690 3943 tantae
709 3887 878 3941 auctoritatis
897 3891 946 3940 est.

310 3979 332 4049 ²)
357 3981 582 4049 Agamemnonem
600 3976 628 4029 in
646 3976 766 4031 convivio
784 3976 955 4029 interiectum
980 3989 1038 4028 esse
1062 3970 1246 4038 antiquissima
1263 3975 1306 4023 est

204 4069 295 4123 sabula
320 4084 398 4136 quam
425 4067 533 4121 exhibet
559 4065 671 4133 Odyssia
697 4081 827 4132 quamque
858 4081 874 4118 a
901 4063 1029 4131 Sophocle
1060 4065 1203 4114 tractatam
1229 4059 1305 4113 vides

204 4158 246 4211 El.
266 4159 317 4210 194
335 4174 387 4223 sq.;
411 4159 477 4222 2033
496 4157 548 4208 284
566 4170 618 4220 sq.;
640 4153 668 4207 in
687 4154 780 4207 balneo
798 4169 862 4207 vero
880 4167 970 4205 necem
990 4150 1110 4204 evenisse
1127 4148 1204 4202 finxit
1222 4147 1304 4200 Stesi-

204 4247 299 4299 chorus
317 4260 429 4311 eumque
447 4244 532 4298 secuti
550 4243 698 4310 Aeschylus
716 4247 745 4295 et
761 4241 911 4309 Euripides.
