3052 4882
1268 302 1315 368 37

312 503 513 587 Aeschyleae
546 506 677 572 fabulae
709 507 889 588 dispositio,
927 511 964 572 ut
993 507 1139 573 breviter
1170 527 1320 573 revocem

206 611 240 675 in
262 611 457 695 memoriam,
481 613 551 678 fere
573 614 656 679 haec
680 619 740 680 est.
787 619 896 679 custos
919 614 973 694 qui
1000 633 1058 695 per
1082 614 1194 678 decem
1218 633 1319 679 annos

135 741 137 745 ⁷
207 719 297 784 faces
334 720 530 786 collucentes
566 720 690 786 frustra
727 720 930 803 expectavit,
973 739 1033 800 quo
1071 720 1162 803 signo
1201 721 1319 786 Troiae

207 825 366 891 excidium
395 827 489 892 uxori
521 847 556 893 se
587 828 810 894 nuntiaturum
843 847 913 892 esse
936 828 1135 910 Agamemno
1160 829 1321 908 quondam

206 933 409 1016 promiserat,
434 953 517 999 nunc
536 935 667 1000 tandem
686 935 791 1000 lucem
806 939 874 999 tam
888 933 943 999 diu
957 934 1095 1016 petitam
1115 935 1321 1016 conspicatur

208 1044 241 1105 et
264 1039 435 1105 certiorem
458 1039 540 1106 facit
563 1042 603 1106 de
627 1061 664 1106 66
688 1047 808 1107 eventu
827 1041 1118 1124 Clytaemnestram
1143 1061 1225 1121 quae
1249 1061 1320 1106 cum

208 1148 302 1211 choro
327 1146 522 1226 quaefacta
546 1147 612 1213 sint
635 1148 858 1213 communicat.
905 1153 939 1213 et
967 1147 1042 1214 dum
1066 1149 1181 1213 chorus
1205 1149 1320 1214 dubius

207 1255 331 1335 haeret,
356 1254 491 1321 advenit
504 1254 569 1320 iam
592 1275 710 1336 praeco
730 1255 860 1335 quidam
881 1257 922 1320 ab
936 1255 1177 1338 Agamemnone
1200 1256 1319 1321 reduce

207 1360 403 1442 praemissus
433 1361 487 1441 qui
517 1361 623 1426 omnia
652 1362 822 1426 confirmat
849 1361 1004 1442 simulqde
1027 1352 1142 1428 narrat
1165 1362 1320 1442 quidquid

208 1466 328 1533 Graeci
345 1467 492 1549 perpessi
511 1473 594 1533 sunt.
619 1469 736 1534 deinde
755 1468 954 1551 Agamemno
979 1489 1050 1534 cum
1068 1469 1253 1534 Cassandra
1275 1469 1320 1533 in·

208 1572 389 1638 troducitur
412 1578 446 1638 et
469 1575 692 1640 consalutatus
721 1576 860 1640 achoro
889 1581 924 1641 et
946 1595 1045 1641 uxore
1075 1576 1173 1641 aedes
1204 1574 1318 1657 intrat,

209 1680 283 1744 dum
298 1679 481 1745 Cassandra
495 1681 574 1746 foris
588 1701 759 1747 remanens
773 1681 982 1747 vaticinatur.
999 1682 1056 1746 sed
1070 1681 1126 1747 vix
1141 1700 1181 1746 ea
1194 1700 1319 1761 quoque

208 1786 334 1851 domum
363 1786 513 1869 ingressa
550 1792 610 1871 est,
649 1807 730 1853 cum·
751 1788 871 1853 clamor
909 1787 1039 1853 auditur
1069 1787 1319 1870 Agamemnonis

208 1912 302 1972 quem
332 1892 365 1957 in
395 1895 526 1960 lavacro
558 1894 719 1960 iacentem
743 1894 1003 1977 Clytaemnestra
1036 1896 1105 1960 sola
1135 1894 1319 1960 interficere

209 2006 362 2083 conatur;
394 2003 503 2082 paullo
536 2008 611 2084 post
641 2003 740 2068 etiam
764 2003 967 2068 Cassandrae
990 2007 1125 2067 mortem
1149 2001 1252 2066 affert.
1285 2005 1319 2066 et

209 2126 269 2186 quo
288 2107 381 2173 modo
400 2109 482 2173 haec
501 2109 645 2174 effecerit
663 2114 778 2191 postea
796 2109 868 2191 ipsa
887 2113 1030 2174 enarrat.
1054 2107 1088 2172 in
1106 2107 1169 2172 fine
1188 2107 1318 2173 fabulae

208 2214 385 2297 Aegisthus
422 2215 475 2295 qui
513 2236 533 2281 a
565 2218 665 2283 caede
702 2215 832 2282 aluerat
867 2205 901 2280 in
933 2234 1083 2280 scaenam
1121 2213 1244 2296 prodit,
1282 2218 1320 2279 nt

208 2320 370 2386 laetitiam
392 2320 546 2388 facinoris
576 2342 596 2388 a
628 2343 663 2388 se
693 2324 803 2388 dolose
837 2321 1016 2404 excogitati
1045 2340 1125 2402 prae
1155 2339 1190 2385 66
1220 2319 1316 2402 ferat,

210 2446 273 2506 qua
296 2427 335 2492 de
355 2447 453 2493 causa
473 2430 588 2494 chorus
609 2449 680 2494 eum
698 2429 732 2494 in
751 2435 916 2495 certamen
933 2432 1031 2495 vocat
1050 2428 1133 2507 quod
1156 2432 1317 2508 postremo

209 2552 229 2598 a
252 2533 512 2615 Clytaemnestra
535 2537 744 2619 componitur.
1229 2543 1233 2550 '

314 2711 405 2778 Istud
429 2719 653 2796 argumentum
676 2719 835 2794 quatenus
860 2713 983 2778 Seneca
1005 2710 1172 2792 usurparit
1201 2709 1319 2776 exami-

140 2819 143 2823 ’
207 2838 328 2883 nemus.
354 2839 392 2884 ac
411 2820 523 2885 statim
546 2821 580 2886 in
602 2821 695 2886 initio
719 2816 907 2886 discrimina
926 2819 1085 2899 quaedam
1108 2837 1143 2882 66
1163 2816 1316 2882 offerunt:

207 2925 316 3006 prodit
330 2926 494 3009 Thyestae
510 2930 622 2992 umbra
635 2929 859 3010 προλογίζουσα
878 2931 912 2991 et
926 2926 1118 3008 Aegisthum
1137 2924 1171 2988 in
1185 2924 1318 2988 caedem

207 3030 457 3114 Agamemnonis
480 3033 678 3117 impellens,
698 3033 957 3116 Clytaemnestra
979 3029 1214 3123 Agamemnoni
1235 3029 1318 3093 redi·
1439 3080 1442 3085 .

208 3142 291 3220 turo,
329 3158 400 3203 cum
437 3141 476 3204 ob
513 3141 707 3206 adulterium
744 3139 945 3205 commissum
981 3157 1117 3219 poenam
1155 3139 1316 3218 expectet,

208 3244 383 3325 perniciem
401 3247 562 3312 meditans
582 3247 791 3313 dissuadente
809 3247 953 3328 nutrice;
974 3244 1111 3323 denique
1130 3241 1316 3324 Aegisthus,

204 3351 263 3431 -qui
286 3351 565 3434 Clytaemnestrae
593 3354 728 3419 nutricis
759 3353 855 3419 dictis
886 3353 951 3418 iam
975 3369 1124 3416 cessurae
1142 3348 1319 3430 persuadet

207 3462 245 3522 ut
268 3477 400 3525 saevum
422 3459 502 3526 illud
525 3461 629 3526 scelus
653 3463 746 3527 ambo
769 3461 803 3525 in
822 3479 857 3526 se
876 3457 1055 3540 suscipiant
1074 3455 1140 3541 (vv.
1163 3452 1316 3538 1-309).

209 3584 399 3647 componere
423 3572 532 3632 autem
554 3567 633 3634 licet
656 3568 739 3650 Clyt.
764 3569 866 3635 verba
897 3565 983 3646 opud
1012 3563 1085 3628 Sen.
1109 3583 1140 3630 v.
1166 3567 1229 3626 162
1252 3579 1317 3639 sq.:

367 3710 467 3775 Pudet
489 3714 622 3798 doletque
645 3750 685 3758 —
718 3715 884 3800 Tyndaro,
908 3712 984 3776 coeli
1005 3730 1109 3794 penus,

368 3818 494 3882 lustrale
517 3820 607 3883 classi
628 3821 763 3904 Doricae
780 3821 886 3905 peperi
908 3825 1008 3902 caput.

370 3926 487 3989 revolvit
510 3927 635 3991 unimus
657 3928 784 4012 uirginis
807 3927 956 3989 thalamos
979 3944 1063 3987 meae

369 4052 440 4115 quos
463 4033 513 4095 ille
535 4033 641 4117 dignos
663 4034 788 4117 Pehpo'u
809 4033 882 4115 fecit
904 4033 1000 4113 dono,

368 4160 436 4203 com
459 4141 537 4203 stetit
560 4141 604 4202 od
626 4161 701 4203 oras
724 4158 774 4203 ore
796 4139 937 4223 sacrifico
954 4143 1046 4221 poter

369 4269 462 4330 quum
485 4246 656 4331 eruptioles!
678 4263 707 4323 q.
733 4263 758 4308 6.
