3052 4882
208 304 255 372 56

310 509 359 574 De
396 508 597 573 Cassandrae
633 507 788 575 vaticinio
825 506 1000 571 notandum
1036 511 1088 569 est
1124 504 1207 583 quod
1242 503 1308 568 iarn

206 614 371 680 Gerardus
394 614 527 680 Vossius
551 612 737 681 observavit
768 612 801 677 in
825 612 950 694 ‘eastig.
984 615 1018 677 et
1048 610 1134 675 notis
1165 610 1199 673 in
1221 612 1306 690 trag.

206 726 271 788 vet.
290 720 396 804 frgm’
427 720 514 785 istud
533 720 636 785 simile
655 739 727 785 esse
745 719 776 784 ei
795 719 879 798 quod
897 718 1010 783 eadem
1029 722 1123 783 vates
1142 717 1182 781 de
1204 714 1308 780 fratre

207 827 316 909 agnito
336 826 425 892 oanit
442 826 476 891 in
493 826 591 891 Ennii
609 826 805 891 Alexandro.
830 843 913 904 quae
936 843 993 905 pro
1013 822 1168 888 similibus
1186 822 1308 886 habere

205 933 319 1015 possis,
348 952 537 1012 quamquam
569 952 609 998 ne
632 933 701 997 iooo
726 931 853 1012 quidem
876 930 988 1011 opinor
1012 928 1187 994 affirmabis
1210 928 1308 992 ullum

206 1058 247 1104 ex
285 1038 358 1104 istis
393 1039 540 1105 versibus
582 1039 654 1120 plus
696 1038 840 1105 minusve
881 1037 1084 1102 immutatum
1125 1054 1144 1099 a
1186 1033 1309 1099 Seneca

206 1164 277 1211 esse
314 1145 525 1228 desumptum,
558 1165 597 1210 ea
629 1145 749 1211 idoiroo
791 1145 940 1225 adiungo,
981 1146 1018 1208 ut
1049 1144 1310 1225 argumentorum

206 1250 322 1317 seriem
346 1251 521 1331 absolvam.

309 1409 388 1492 Frg.
415 1417 433 1473 6
457 1431 487 1499 v.
515 1417 554 1475 39
579 1431 625 1490 sq.
672 1412 806 1476 Hecuba
829 1410 1044 1474 Cassandram
1067 1409 1252 1491 compellat:

362 1521 415 1583 sed
431 1522 512 1604 ,quid
534 1522 626 1584 oeulis
649 1520 755 1583 rubere
777 1522 842 1593 irisu
865 1540 894 1582 es
915 1521 1069 1603 derepente
1092 1517 1292 1581 ardentibus?

363 1625 416 1688 ribi
438 1627 495 1690 itia
516 1628 677 1710 oirpiuutis
694 1628 791 1710 puuto
815 1633 884 1689 oute
906 1632 932 1689 et
954 1623 1079 1709 supieus'
1102 1623 1270 1687 modestia?

250 1764 338 1830 Cass.
362 1774 461 1830 ruuter
484 1805 524 1811 -
551 1804 591 1811 —

363 1875 458 1936 ruisse
480 1895 548 1937 sum
570 1875 782 1958 superstitiosis
803 1873 1058 1937 buriolutiouibus

364 2000 496 2063 reumque
513 1981 623 2065 Apollo
645 1981 721 2062 fotis
743 1981 853 2062 feudis
876 1981 1039 2043 duueuteui
1062 1981 1191 2043 inuitaui
1214 1981 1269 2043 eiet

207 2122 242 2183 et
265 2118 337 2183 San.
364 2123 445 2183 710:
469 2117 561 2182 Ohor.
588 2119 661 2184 Silet
683 2128 801 2205 reperite
823 2120 956 2184 Phoebus
980 2123 1129 2205 etputior
1149 2142 1242 2205 pertus

366 2226 522 2311 creberque
543 2234 635 2290 toturn
654 2229 786 2312 possidet
808 2249 915 2311 eorpus
939 2234 1051 2290 tremor
1056 2252 1067 2312 ;
1093 2262 1132 2271 ——

253 2370 333 2430 714:
364 2368 480 2430 iurato
502 2374 614 2431 autum
636 2369 757 2432 iuuoiuu
780 2375 806 2432 et
827 2369 905 2432 uersi
927 2375 1006 2432 retro

366 2480 547 2558 torquentur
569 2475 654 2538 ocuti
670 2491 717 2552 sq.

208 2612 296 2678 dass.
323 2619 404 2678 rao:
445 2615 528 2695 oure
550 2637 596 2679 me
618 2617 737 2698 furora
760 2618 887 2680 iurum
909 2603 1041 2681 stamus
1064 2620 1133 2681 aar

365 2724 441 2806 quid
462 2724 569 2785 uerutis
591 2725 719 2807 inopem,
743 2745 834 2788 suero
856 2723 995 2786 Puruusi
1017 2726 1100 2808 iupa,

365 2828 497 2914 rapitis?
518 2831 626 2912 recede,
650 2830 772 2914 Phoebe,
797 2832 862 2894 iuno
885 2851 948 2894 uou
970 2852 1039 2894 sum
1062 2839 1118 2895 tuo
1141 2849 1188 2910 sq.

208 2968 284 3048 quid
306 2967 355 3033 rei
373 2973 511 3035 naturae
531 2971 772 3037 convenientius
792 2976 843 3038 est
866 2991 960 3051 quam
979 2977 1016 3036 ut
1033 2973 1182 3038 Phoebas
1204 2974 1313 3039 divim

208 3074 324 3157 spiritu
357 3081 507 3157 correpta
536 3075 637 3143 furiat
665 3078 864 3158 rabiatque?
898 3097 1002 3143 nonne
1033 3078 1213 3164 Aeschylus
1243 3080 1313 3162 ipse

208 3181 256 3246 ita
278 3201 350 3246 eam
372 3182 499 3246 induxit
521 3203 551 3248 v.
579 3190 661 3248 1029
695 3204 741 3264 sq.
767 3189 801 3249 et
826 3191 909 3249 1168
942 3187 1017 3265 su?
1064 3186 1237 3269 praecipue
1269 3186 1315 3251 iu-

208 3287 327 3370 spieias
363 3287 443 3353 Aen.
482 3290 536 3371 VI,
567 3295 607 3353 47
646 3309 692 3370 sq.
725 3291 810 3355 unde
843 3291 997 3356 Seneoam
1029 3292 1104 3358 inde
1136 3314 1156 3359 a
1185 3314 1215 3359 v.
1250 3299 1313 3358 710

209 3395 330 3459 oolores
354 3398 534 3461 mutuatum
557 3415 628 3461 esse
650 3395 848 3480 interpretes
872 3397 1113 3464 admonuerunt.

314 3553 392 3636 Frg.
419 3561 452 3618 7:
770 3560 842 3626 ebeu
864 3563 977 3626 uidete!

208 3663 354 3726 iudicauit
376 3663 524 3729 iuduturu
547 3667 698 3732 iudicium
720 3669 800 3731 iuter
822 3670 895 3732 deos
918 3671 974 3731 tris
997 3671 1125 3754 uliquis:

209 3789 267 3851 quo
297 3769 411 3832 iudicio
438 3769 682 3836 Lueedueuiouiu
711 3774 831 3857 mulier,
861 3774 1035 3839 Furiarum
1064 3796 1140 3858 uuo,
1169 3776 1312 3838 udoeuiet.

210 3870 462 3952 comparabimus
486 3892 557 3938 oum
581 3874 654 3939 San.
681 3881 761 3940 730:

368 3997 468 4062 Idueu
490 4020 578 4063 eeruo
600 4022 743 4066 nemora:
765 4005 877 4086 fututis
899 4005 978 4067 sedet

367 4104 447 4167 iuter
464 4113 596 4189 poteutes
620 4107 737 4172 arbiter
753 4116 862 4193 postor
884 4111 967 4173 deus.

210 4223 290 4289 dioit
330 4231 438 4294 autern
479 4227 551 4308 ipsa
592 4229 791 4313 Cassandra,
838 4250 894 4296 our
933 4230 1043 4295 Parim
1084 4231 1226 4299 nominet
1281 4229 1316 4297 in
