3052 4882
232 290 278 358 14

178 486 182 491 ’
228 497 428 564 demonstret
450 496 543 578 ponit
565 495 653 561 illum
672 514 810 561 versum.
835 493 937 574 quid?
963 513 1067 559 nonne
1089 491 1237 559 mirumst
1255 491 1339 573 quod

227 603 261 668 in
279 602 515 668 sententiarum
533 621 656 668 conexu
673 601 744 668 fere
757 601 854 667 simili
870 601 993 666 Seneca
1008 601 1143 667 eundem
1157 621 1188 667 v.
1204 599 1339 665 adhibet

227 728 321 788 quem
340 708 480 774 Cicero?
507 713 541 774 et
563 708 591 774 si
615 708 721 773 omnia
745 710 786 772 ab
809 712 945 788 utroque
965 707 1054 772 dicta
1072 706 1247 795 contuleris
1267 725 1338 770 con·

228 819 322 884 cedes
352 817 465 901 opinor
497 837 560 883 non
590 817 724 884 fortuito
754 817 875 883 iactum
906 836 977 884 esse
1008 835 1205 898 consensum,
1242 816 1336 881 immo

227 925 382 991 Senecam
406 925 569 992 Ciceronis
600 926 704 990 locum
727 924 909 1006 respexisse
934 928 968 990 et
991 925 1032 989 ab
1057 943 1094 989 eo
1118 928 1187 988 tam
1209 941 1337 988 sensum

191 1090 197 1101 .
227 1052 321 1113 quam
353 1051 481 1099 versum
513 1031 648 1097 mutatis
680 1031 806 1096 scilicet
837 1031 1001 1096 mutandis
1039 1049 1110 1096 esse
1145 1034 1335 1095 mutuatum.

226 1139 311 1221 vide,
335 1142 372 1204 ut
395 1138 550 1219 exemplis
573 1140 737 1219 probetur,
762 1138 827 1204 Cic.
854 1145 904 1219 17,
930 1144 987 1203 36:
1011 1163 1049 1205 66
1071 1142 1192 1207 iustitia
1214 1140 1337 1226 quidem

224 1240 301 1310 sicel
329 1248 439 1310 misto
461 1247 574 1328 fecere,
606 1246 843 1310 adalelmum
867 1267 926 1310 esse
947 1248 1066 1310 videtur
1088 1249 1123 1310 ia
1153 1248 1210 1312 hoc
1241 1267 1336 1311 66666

225 1352 291 1435 loci,
320 1374 398 1437 quoe
420 1360 522 1416 leucen
545 1354 590 1415 ile
620 1354 697 1416 dicet
719 1353 879 1436 dupliciter
901 1373 961 1417 ease
983 1343 1009 1417 le
1031 1355 1190 1437 iniustum,
1219 1375 1288 1418 6666
1311 1360 1337 1437 el

225 1459 362 1522 alienum
376 1465 512 1543 appetem,
529 1459 583 1542 qui
596 1458 737 1540 mortalis
751 1465 844 1522 dotas
858 1460 1062 1524 condicionem
1070 1461 1201 1544 postules
1212 1461 1335 1543 immor-

226 1564 336 1629 talium
358 1572 384 1629 el
404 1566 539 1649 praviter
560 1565 647 1646 feros
671 1571 696 1627 le
717 1565 800 1649 ,quod
822 1566 968 1629 61666666
992 1568 1139 1650 occeperis
1157 1567 1334 1629 reddidisse.

226 1673 338 1737 eodem
357 1672 476 1738 solacio
497 1671 654 1737 Senecam
672 1676 821 1737 utentem
839 1672 984 1739 videmus
1004 1679 1038 1738 et
1057 1673 1173 1740 deinde
1193 1674 1335 1738 dolorem

113 1795 117 1803 ·
225 1777 382 1859 exemplis
405 1777 580 1843 lenientem
604 1782 641 1842 ut
663 1777 728 1847 die.
755 1783 805 1859 24,
831 1784 873 1842 58
904 1779 1021 1844 suadet
1041 1783 1074 1844 et
1097 1779 1175 1846 ibid.
1200 1779 1336 1861 primam

225 1883 320 1949 istius
343 1903 456 1950 versus
488 1882 681 1965 perticulam
713 1884 836 1951 laudat.
870 1883 919 1968 (et
942 1885 981 1949 (16
1004 1884 1217 1967 Anaxagora:
1249 1908 1335 1970 qoem

144 1985 147 1991 ’
223 1991 330 2072 ferunt
366 1992 514 2055 nuntiato
551 1998 645 2054 molle
680 1991 741 2072 filii
777 1992 906 2054 didisse:
948 1989 1084 2056 ‘sciebam
1121 2015 1168 2055 666
1199 1994 1336 2077 pendisse

224 2098 391 2162 morloleid
416 2093 496 2178 (Cic.
520 2095 541 2158 1.
567 2113 592 2159 6.
618 2093 674 2178 30)
706 2093 820 2161 uideas
848 2094 921 2159 Seu.
953 2096 994 2160 de
1022 2096 1142 2161 remed.
1171 2095 1332 2160 fortuitor.

223 2198 278 2263 lib.
305 2205 355 2281 13,
381 2206 418 2263 S:
451 2201 560 2265 acerbo
591 2208 686 2264 morte
716 2201 777 2282 fild
799 2203 928 2266 deiectus
951 2224 1027 2267 6666.
1052 2224 1096 2267 66
1117 2225 1180 2282 dod
1202 2205 1335 2265 Aecae-

222 2327 331 2390 porum
355 2305 527 2370 audieras?
547 2327 590 2370 66
612 2306 719 2371 oblitas
742 2327 811 2370 eros
834 2314 861 2370 te
881 2309 1019 2392 pendisse
1041 2305 1234 2390 mortalem?)

329 2436 491 2500 Accedam
503 2435 544 2500 ad
554 2434 631 2501 Divi
641 2435 768 2500 Claudii
779 2438 932 2518 apocol8
948 2441 1046 2503 extr:
1062 2441 1138 2524 quid
1151 2441 1185 2502 ia
1199 2439 1334 2503 codiculo

224 2564 279 2607 666
297 2545 399 2626 sociat
417 2546 517 2626 nescit,
542 2551 568 2607 el
591 2546 655 2607 idm
680 2546 791 2608 coeli
814 2547 1224 2630 serdlolcrpldpoa
1250 2542 1334 2622 quod

224 2647 345 2712 dictum
369 2648 410 2711 ab
434 2647 539 2711 Ennio
563 2646 597 2710 in
618 2646 789 2729 Iphigenia
812 2646 924 2712 fabula
947 2647 1023 2732 (frg.
1040 2655 1059 2711 8
1074 2667 1104 2714 v.
1123 2654 1184 2712 199
1200 2667 1246 2727 sq.
1262 2646 1331 2731 R.):

267 2785 350 2868 qdod
372 2790 413 2847 est
435 2784 614 2866 antepedes
636 2803 736 2846 66666
759 2791 899 2866 spectant,
924 2784 1000 2846 caeli
1025 2790 1204 2848 scrutentur
1221 2784 1333 2868 plopds

222 2918 412 2996 usurpatum
432 2918 565 2995 praeter
584 2913 665 2978 alios
686 2913 797 2978 Cicero
820 2912 937 2979 citavit
960 2914 1000 2977 (16
1026 2913 1090 2980 div.
1110 2915 1144 2978 H
1165 2919 1214 2994 13,
1238 2919 1279 2976 30
1299 2917 1333 2978 et

224 3023 264 3088 de
288 3023 427 3105 republ.
448 3023 464 3086 I
485 3029 535 3104 18,
552 3028 603 3102 30,
624 3023 674 3086 cui
692 3022 774 3086 libro
795 3022 950 3087 Senecam
973 3023 1180 3088 intentiorem
1203 3022 1332 3088 dedisse

223 3147 354 3210 operam
377 3147 503 3193 scimus.
928 3147 931 3152 ·

327 3264 364 3334 d
380 3263 575 3329 Pacuvio
610 3263 734 3328 Seneca
763 3263 843 3328 nihil
869 3263 1002 3328 exhibet
1031 3263 1094 3328 nisi
1123 3264 1209 3329 inter
1238 3284 1330 3348 argu-

221 3374 333 3435 menta
362 3370 508 3451 ponimus
541 3370 580 3434 de
612 3389 690 3435 rem.
715 3369 789 3435 fort.
815 3377 844 3451 8,
879 3377 914 3446 2:
952 3394 1013 3435 666
1048 3374 1108 3436 eris
1143 3375 1178 3436 ie
1209 3376 1328 3457 patrio.

215 3479 326 3562 patrio
355 3485 405 3560 eal,
439 3478 608 3561 ubicunque
637 3479 708 3540 deice
735 3485 786 3561 est,
819 3475 854 3539 id
883 3476 967 3555 quod
992 3473 1061 3541 fere
1084 3476 1199 3542 iisdem
1221 3477 1330 3543 verbis

220 3582 368 3648 redditur
398 3583 438 3647 de
460 3583 572 3648 morib.
597 3588 656 3665 433
687 3583 838 3649 convenit
866 3584 927 3648 hoc
949 3583 1133 3666 fragmento
1156 3590 1287 3651 servato
1312 3605 1329 3650 e

220 3689 356 3756 Pacuvii
379 3690 503 3754 Teucro
535 3689 612 3774 (inc.
636 3689 697 3754 inc.
722 3690 788 3754 fab.
812 3695 853 3755 49
877 3710 908 3758 v.
934 3690 1007 3776 92):
1038 3695 1148 3778 patric
1180 3700 1230 3776 est,
1262 3695 1329 3758 616·-

221 3818 338 3882 cneque
370 3804 410 3860 est
441 3798 520 3880 dene,
554 3795 638 3874 quod
659 3800 693 3860 et
722 3795 826 3877 ipsum
849 3796 1021 3861 memoriae
1052 3796 1190 3861 tradidit
1217 3796 1328 3862 Cicero

221 3902 315 3967 Tusc.
339 3902 369 3965 V
391 3906 442 3982 37,
471 3907 542 3965 108.
580 3906 723 3967 ceterum
746 3921 807 3966 non
840 3902 973 3966 multum
997 3903 1107 3970 valere
1138 3902 1236 3967 istam
1260 3922 1330 3967 con·

220 4008 398 4074 sensionem
420 4013 557 4089 constat,
583 4005 652 4073 cum
676 4008 757 4073 satis
780 4013 890 4073 notum
914 4009 958 4073 sit
979 4009 1064 4074 tales
1081 4028 1178 4074 voces
1195 4028 1274 4090 prae
1294 4030 1328 4075 se

219 4113 334 4178 tulisse
357 4113 493 4196 Cynicos
517 4118 551 4178 et
574 4113 699 4179 Stoicos
723 4134 854 4194 quorum
879 4115 1036 4200 asseclam
1056 4114 1179 4181 Seneca
1201 4136 1328 4198 semper

220 4241 255 4286 se
280 4220 443 4286 confessus
466 4227 526 4286 est.
1267 4219 1269 4223 ⁴
