3052 4882
407 549 500 614 Nunc
532 550 658 615 demum
689 549 784 614 finem
815 549 935 614 faciam
967 549 1040 615 huic
1072 549 1315 632 enumerationi,
1349 570 1411 631 qua

302 659 336 720 te
372 655 438 720 iarn
474 656 691 738 defatigatum
726 655 831 721 video.
878 657 936 721 sed
965 661 1002 721 ut
1038 656 1205 738 operarius
1240 656 1411 722 materiam

302 767 379 828 ante
403 763 558 844 adportat
582 759 676 843 quam
701 762 860 844 aedificet,
884 763 933 827 ita
956 782 1013 828 nos
1037 763 1180 845 oportuit
1203 763 1308 828 omnia
1327 763 1412 828 colli-

302 887 379 951 gere
403 875 438 934 et
460 889 650 951 componere
672 870 757 934 unde
780 870 1024 934 fundamentum
1056 869 1164 934 iacere
1187 869 1409 950 inciperemus.

301 974 465 1057 igiturex
488 976 529 1041 iis
553 995 635 1056 quae
660 975 726 1040 dixi
749 980 843 1057 patet
862 975 1018 1040 Senecam
1042 994 1120 1055 quos
1142 980 1290 1042 veterum
1313 975 1411 1058 tragi-

302 1101 409 1146 corum
432 1102 545 1149 versus
569 1082 678 1148 adfert
701 1081 848 1167 (praeter
879 1102 974 1148 unum
997 1081 1152 1168 fortasse)
1185 1103 1225 1148 ex
1249 1082 1411 1147 Ciceronis
1477 1072 1480 1075 ’

301 1189 433 1270 scriptis
452 1189 681 1272 philosophicis
701 1208 826 1254 sumere
840 1189 998 1272 potuisse;
1018 1188 1067 1254 illi
1080 1189 1182 1272 igitur
1195 1209 1258 1255 non
1272 1192 1412 1271 probant

302 1314 372 1360 eum
396 1296 515 1379 legisse
538 1295 727 1378 tragoedias
758 1296 842 1360 illas.
888 1297 973 1376 quod
997 1295 1024 1361 si
1047 1296 1223 1362 verisimile
1247 1315 1317 1361 esse
1341 1315 1412 1361 con·

301 1402 390 1467 cedis
412 1422 525 1469 versus
549 1423 566 1468 e
590 1402 743 1467 Cicerone
768 1421 839 1467 eum
862 1403 1045 1484 sumpsisse,
1069 1403 1148 1468 item
1167 1402 1341 1468 verisimile
1360 1407 1411 1467 est

302 1528 373 1574 eum
408 1529 471 1574 non
506 1509 625 1592 legisse
662 1509 805 1592 tragicos
841 1514 981 1576 veteres
1041 1509 1084 1574 ad
1125 1527 1278 1575 summam
1314 1508 1410 1575 velim

300 1636 434 1683 revoces
465 1616 499 1680 in
528 1616 722 1698 memoriam,
757 1636 851 1697 quam
879 1636 956 1680 rara
979 1617 1065 1698 apud
1089 1616 1245 1682 Senecam
1268 1615 1410 1697 vestigia

300 1723 499 1807 tragicorum
517 1724 732 1788 Romanorum
751 1726 898 1788 veterum
917 1723 1132 1805 reperiantur.
1152 1723 1290 1788 Ennium
1309 1723 1410 1787 solum

300 1831 407 1911 paullo
440 1830 569 1912 saepius
593 1835 829 1911 commemorat,
863 1830 996 1894 Accium
1020 1830 1128 1912 semel,
1153 1830 1231 1895 item
1253 1829 1411 1896 Naevium

301 1941 335 2001 et
366 1937 552 2018 Pacuvium,
587 1941 623 2001 at
652 1956 715 2001 non
746 1937 952 2018 nominatim3
990 1937 1087 2018 plane
1123 1936 1252 2000 silentio
1289 1937 1410 2002 transit

299 2043 427 2109 Livium
450 2044 677 2108 Andronicum.

406 2149 474 2232 Quo
512 2169 609 2232 opere
646 2152 793 2215 absoluto
831 2151 1022 2215 accedamus
1059 2150 1101 2214 ad
1139 2149 1275 2214 alterum
1313 2157 1411 2231 caput

301 2256 598 2321 commentationis:
618 2276 740 2322 curam
772 2256 873 2340 igitur
908 2257 1129 2339 impendamus
1159 2257 1238 2338 ipsis
1267 2257 1409 2321 Senecae

301 2362 433 2444 fabuliS,
487 2382 567 2442 quas
604 2363 632 2428 si
672 2369 762 2428 recte
811 2369 1001 2445 perspectas
1050 2366 1154 2430 habeo
1191 2364 1277 2428 haud
1318 2365 1409 2429 nobis

301 2470 388 2536 levia
411 2489 506 2552 spero
530 2470 696 2535 oblaturas
720 2489 791 2536 esse
814 2470 1009 2535 adminicula
1032 2472 1074 2535 ad
1098 2470 1408 2558 argumentationem

302 2577 446 2642 nostram
470 2576 729 2642 confirmandam.
764 2640 772 2655 ‚

824 3196 888 3306 ΙΙ.

409 3428 601 3510 Priusquam
619 3430 682 3494 hac
700 3429 734 3494 in
753 3430 941 3509 quaestione
965 3431 1093 3514 singula
1112 3431 1218 3498 omnia
1240 3451 1411 3515 persequa-

304 3554 383 3618 mur,
407 3534 441 3599 in
459 3536 643 3602 universum
661 3537 774 3618 paucis
793 3542 948 3617 quantum
967 3537 1091 3603 distent
1109 3537 1195 3604 inter
1213 3558 1248 3604 se
1268 3539 1411 3603 Senecae

305 3647 513 3722 veterumque
549 3642 679 3708 fabulae
712 3643 875 3725 explicare
898 3645 986 3709 haud
1010 3645 1149 3711 alienum
1171 3650 1259 3727 puto,
1292 3644 1411 3724 quain

302 3767 339 3812 re
358 3747 463 3813 officio
481 3748 600 3830 fungar
618 3750 704 3814 haud
723 3748 848 3815 difficili
863 3750 938 3830 quia
955 3751 1023 3817 Leo
1042 3753 1103 3816 lrac
1122 3752 1162 3816 de
1180 3770 1216 3816 re
1234 3751 1284 3815 ita
1302 3748 1410 3835 egit,¹)

303 3861 339 3920 ut
370 3857 404 3921 in
435 3857 596 3939 plerisque
628 3856 707 3922 mihi
736 3857 898 3923 referendi
928 3863 1054 3924 tantum
1083 3877 1196 3924 munus
1227 3858 1410 3940 impositum

303 3963 441 4029 videam.

411 4202 443 4278 ¹)⁴
459 4212 583 4279 inspicias
606 4229 661 4279 cap.
682 4214 748 4265 VllI
768 4214 809 4266 ‘de
832 4213 972 4282 tragoedia
991 4213 1132 4267 rhetorica'
1152 4221 1180 4267 et
1200 4214 1239 4267 IX
1258 4214 1299 4268 ‘de
1325 4230 1411 4267 exeru-

301 4299 419 4366 plaribus
438 4300 563 4355 Graecis'.
