3052 4882
1280 351 1302 417 9

194 554 307 637 liqueat
343 555 398 617 tibi
434 556 549 618 eosdem
579 557 737 618 admirari
775 563 801 619 et
835 556 960 620 Soterici
991 551 1126 631 lectos.’¹)
1171 573 1197 619 e.
1224 574 1252 634 q.
1278 575 1303 619 s,

194 676 256 722 non
288 659 423 723 annales
450 658 551 740 igitur
573 659 682 742 Ennii⁷
714 660 770 725 sed
795 660 958 726 Ciceronis
989 660 1106 726 librum
1134 661 1306 742 usurpavit

196 763 328 830 Seneca.
361 764 447 831 idem
472 770 585 846 aperte
609 766 730 832 accidit
752 786 802 847 ep.
820 772 893 848 108,
914 773 965 832 30.
991 767 1114 833 Seneca
1132 773 1305 850 postquam

194 869 343 952 exposuit
375 871 529 950 quomodo
562 871 725 937 Ciceronis
754 872 871 938 librum
899 873 939 938 de
968 874 1091 955 republ.
1122 872 1304 956 philologus

194 975 310 1055 aliquis
324 980 586 1058 pertractaturus
596 977 649 1059 sit,
665 978 820 1057 quomodo
830 978 1070 1062 grammaticus,
1085 978 1304 1062 philosophus

194 1082 234 1147 de
262 1082 473 1165 grammatico
504 1084 586 1148 haee
616 1084 709 1149 addit
739 1083 829 1170 (33):
871 1089 981 1151 deiude
1003 1087 1166 1152 Maiores
1195 1088 1306 1172 callipit

195 1211 299 1274 uersus
318 1198 345 1255 et
365 1192 400 1254 iu
417 1193 533 1276 primis
555 1193 622 1255 illos
645 1194 681 1256 cle
704 1192 860 1274 Africano
882 1195 1024 1278 scriptas:

546 1344 548 1348 ⁴
618 1316 668 1379 cai
692 1336 778 1379 uemo
802 1317 873 1379 cleis
896 1336 990 1400 ueque
1012 1315 1104 1379 bostis

461 1424 557 1507 quirit
573 1443 634 1507 pro
655 1422 748 1504 sactis
771 1413 897 1486 redolere
919 1424 1010 1507 opis
1026 1424 1172 1508 pretium.

195 1567 230 1608 er
259 1566 290 1608 eo
317 1567 348 1610 se
371 1547 417 1609 ait
440 1547 605 1630 iutellepere
629 1547 714 1631 apacl
738 1548 879 1631 autiquos
908 1566 972 1609 uou
1000 1553 1122 1610 tautum
1153 1548 1306 1611 auxilium

193 1650 378 1734 sipuiptcasse
411 1672 504 1736 opem,
541 1653 594 1714 secl
624 1672 765 1735 operam:
802 1653 847 1715 ait
883 1653 963 1715 euim
994 1651 1118 1715 Euuius
1155 1653 1306 1715 ucmiuem

188 1758 323 1841 potuisse
355 1757 490 1842 Sa'pioui
525 1778 620 1841 uepue
656 1759 746 1821 cioem
776 1779 871 1842 aeque
900 1758 1010 1821 bostem
1043 1759 1169 1822 reclclere
1199 1779 1307 1842 operae

189 1864 333 1947 maium.
380 1863 497 1945 felicem
521 1864 630 1926 deiude
658 1885 688 1927 se
705 1870 799 1948 putat
826 1865 906 1948 quod
929 1864 1075 1928 iuoeuerit
1099 1865 1181 1929 aucte
1208 1865 1306 1928 uisum

194 1969 234 2032 sit
263 1969 393 2054 Verpilio
416 1969 529 2033 elicere:

619 2116 706 2178 quem
728 2116 818 2179 super
840 2095 945 2180 iupeus

453 2207 552 2285 porta
572 2207 656 2263 touat
679 2201 763 2264 caeli.

196 2322 336 2384 Eureium
363 2323 416 2385 boc
447 2325 493 2386 ait
519 2323 653 2386 Homero
681 2324 876 2407 subripuisse,
907 2324 1011 2387 Erucio
1042 2324 1217 2409 Verpilium.
1249 2343 1308 2385 esse

196 2421 276 2492 euim
300 2418 395 2512 apucl
410 2428 580 2492 Cicerouem
603 2429 637 2491 iu
660 2428 707 2491 bis
730 2429 803 2512 ipsis
822 2429 863 2497 cle
886 2429 1040 2513 republica
1063 2429 1150 2492 libris
1172 2428 1224 2491 boo
1247 2429 1307 2512 epi·

194 2555 338 2622 pramma
360 2534 475 2598 Euuii:
928 2528 931 2532 ⁵

261 2658 289 2721 si
311 2657 364 2740 fas
387 2659 463 2722 curlo
479 2659 593 2743 plapas
616 2659 776 2722 caelestum
798 2660 958 2722 occemlere
976 2660 1120 2744 cuiquam
1144 2666 1193 2740 est,
1231 2736 1233 2742 Ι

380 2807 381 2810 ¹
422 2764 466 2826 mi
488 2765 546 2826 soli
568 2765 644 2827 caeli
666 2766 805 2827 ruauima
822 2771 918 2849 porta
934 2757 1062 2849 patetl)

195 2904 299 2965 neque
355 2884 421 2949 alia
475 2888 526 2950 est
579 2884 665 2949 ratio
719 2885 782 2950 loci
837 2885 892 2965 qui
940 2885 1062 2969 legitur
1112 2885 1152 2950 de
1201 2884 1306 2949 benef.

196 2991 253 3073 IV,
284 2996 335 3072 27,
362 2997 399 3055 2:
432 2995 534 3078 itaque
556 3000 663 3057 erraut
694 2995 741 3056 illi
770 2995 824 3077 pul
851 2995 1042 3078 iuterropaut
1067 2994 1198 3057 Stoicos:
1235 2994 1310 3076 quiet

199 3099 292 3184 erpo?
330 3099 464 3164 Acbilles
492 3102 629 3164 tumidus
661 3099 727 3163 est?
757 3135 798 3142 —
819 3135 859 3143 -
885 3136 925 3143 -
959 3102 1035 3184 quiet
1064 3098 1153 3185 erpo?
1192 3098 1310 3163 Fabius

307 3399 326 3463 ¹)
345 3415 443 3452 novum
456 3398 516 3452 istis
531 3398 613 3452 addas
627 3399 762 3467 indicium,
776 3399 858 3453 verba
873 3398 931 3452 dico
949 3398 978 3451 in
992 3398 1055 3452 dial.
1074 3397 1107 3451 de
1125 3397 1166 3450 ira
1180 3397 1222 3449 ΙΙΙ
1237 3397 1279 3461 37,
1294 3399 1310 3448 5

198 3487 304 3555 prolata
331 3486 411 3540 haec:
437 3505 491 3540 uou
514 3491 606 3555 aequis
625 3492 757 3556 puerulum
777 3490 861 3541 oculis
880 3490 980 3561 vidisti,
1005 3490 1069 3554 pala
1089 3489 1120 3540 de
1140 3488 1246 3552 iupeuio
1266 3492 1311 3536 tuo

199 3579 268 3630 mele
288 3579 391 3630 loeutus
409 3583 459 3630 est:
476 3580 574 3644 recipis
588 3579 657 3629 banc
672 3580 776 3644 lepem?
793 3594 856 3644 erpo
876 3584 899 3630 te
914 3579 1024 3628 Euuius
1038 3593 1089 3643 quo
1103 3591 1157 3627 uou
1172 3562 1312 3627 delectaris

200 3668 306 3733 odisset,
334 3673 358 3719 et
377 3666 539 3718 Hortensius
569 3667 607 3731 (si
632 3669 768 3719 oratioues
795 3669 852 3718 eius
875 3666 1053 3733 improbares)
1085 3665 1236 3716 simultates
1263 3663 1314 3714 tibi

199 3757 337 3821 iudicaret,
356 3761 380 3808 et
399 3755 491 3807 Cicero
509 3757 535 3806 si
553 3756 688 3808 derideres
706 3758 829 3807 caratiae
848 3757 906 3807 eius
925 3756 1049 3805 iuimicus
1068 3759 1142 3805 esset.

205 3856 207 3861 ’
306 3843 328 3912 ²)
361 3844 489 3911 reliquiae
520 3843 648 3897 librorum
680 3844 713 3897 de
740 3844 843 3912 republ.
871 3859 921 3897 nee
949 3843 1018 3896 hunc
1046 3857 1096 3895 nee
1122 3840 1198 3894 illum
1226 3839 1313 3893 locum

201 3937 350 3986 servarunt.
379 3931 476 3999 prioris
499 3938 589 3986 aut-em
613 3931 815 4001 epigrammatis
834 3931 947 3999 primam
965 3929 1127 3998 particulam
1149 3931 1192 3981 te'c
1211 3936 1249 3982 est
1267 3929 1313 3981 ille

202 4023 270 4073 situs
291 4020 404 4088 praebet
431 4019 483 4074 Cic.
508 4022 540 4073 de
558 4019 612 4089 leg.
631 4020 659 4072 Π
678 4022 720 4085 22,
740 4022 774 4072 57
803 4025 831 4074 et
857 4017 1014 4093 ppsterioris
1039 4017 1153 4085 primum
1180 4014 1313 4069 distichon

201 4107 272 4161 idem
298 4108 326 4162 in
344 4109 423 4162 Tusc.
446 4110 480 4174 V,
509 4111 550 4175 17,
578 4111 621 4162 49.
659 4109 795 4162 coniunxit
824 4108 983 4177 Scaligerus.
1021 4106 1108 4159 locum
1130 4105 1313 4169 Annaeanum,

202 4196 248 4250 ubi
273 4197 374 4251 tradite
402 4203 444 4251 est
472 4198 606 4265 scriptura
633 4213 782 4266 operae,
820 4196 973 4251 emendavit
1000 4195 1146 4249 Vahlenus.
1184 4194 1217 4248 cf.
1245 4194 1313 4246 Eun.

202 4285 287 4356 epigr.
305 4286 341 4340 Il.
360 4286 403 4339 111
420 4304 446 4354 p.
467 4289 526 4341 163.
564 4294 715 4341 etiamr.
735 4289 787 4340 596
805 4303 831 4355 p.
850 4289 892 4340 86.
912 4285 953 4339 ed.
972 4284 1086 4339 Vahlen.
