3052 4882
207 271 256 337 40

206 475 428 557 complectitur
456 475 514 539 illa
544 493 663 539 scaena
692 493 745 539 vv,
780 471 977 556 747-938).
1023 490 1081 535 rex
1112 469 1161 534 dis
1185 466 1311 551 gratias

206 583 277 666 agii
298 604 329 651 V.
356 589 436 648 783:

370 694 508 757 Tandem
531 699 662 756 revertor
683 712 780 775 sospes
803 692 846 753 eol
863 691 986 774 patrios
1009 691 1110 771 lores;

362 820 379 862 o
403 820 479 862 οανα
500 799 581 861 soloe
603 805 695 860 terro.
743 797 798 859 tibi
820 802 861 859 tot
883 795 1036 858 barbarae

363 907 470 969 dedere
491 911 590 990 centes
611 905 718 987 spolio,
743 889 797 966 tibi
817 903 895 985 felic
917 903 974 966 uia

357 1013 490 1096 potentis
512 1011 607 1074 Asiae
635 1010 730 1073 Troia
752 1010 903 1072 summisit
925 1029 1046 1072 raucus.

206 1114 295 1200 (inde
336 1135 356 1180 a
395 1121 457 1180 786
499 1134 599 1194 usque
640 1113 682 1178 ad
723 1120 785 1178 801
829 1113 1012 1178 Cassandra
1054 1111 1162 1178 divino
1204 1111 1311 1175 furore

206 1228 356 1304 correpta
385 1221 618 1305 Agamemnoni
651 1221 804 1302 occurrit,
843 1220 897 1300 qui
928 1219 1066 1285 famulos
1098 1239 1169 1284 eam
1201 1218 1312 1284 fovere

205 1329 303 1414 iubet,
340 1329 497 1395 vaticinia
533 1348 597 1393 uon
634 1327 749 1392 credit.
785 1329 867 1392 haec
904 1327 1010 1392 omnia
1046 1345 1177 1408 prorsus
1205 1325 1312 1390 aliena

207 1438 247 1501 ab
270 1435 477 1521 Aeschyleo.)

205 1563 235 1609 v.
261 1549 338 1607 802:
363 1552 553 1630 ottepeter
576 1546 740 1629 quiscere
763 1551 903 1628 ιονηιιινιε
925 1545 1064 1625 fulmine
1088 1593 1095 1606 .
1121 1593 1128 1606 .
1154 1593 1160 1606 .

504 1686 544 1694 —
568 1651 699 1735 supplice
722 1656 749 1713 et
770 1650 853 1734 fibro
876 1651 972 1713 colam
996 1646 1099 1732 (807).

206 1755 322 1820 Aesch.
348 1761 427 1820 774:

245 1863 350 1944 Ἄγαμ.
386 1869 510 1945 πρῶτον
532 1862 590 1943 μὲν
605 1861 716 1943 Ἄγρας
737 1862 790 1924 καὶ
811 1861 905 1931 θεοὺς
927 1863 1096 1943 ἐγχωρίους

387 1969 456 2050 δίκη
479 1973 659 2050 προστατεῖν,
681 1967 751 2037 τοὺς
774 1968 843 2049 ἐμοὶ
864 1968 1031 2048 μιταιτίοας
1071 2048 1074 2054 Ι

385 2077 494 2140 νόστου
518 2075 646 2140 δικαίων
667 2073 750 2139 όκόν
772 2077 953 2158 ἐπραξάμην
974 2076 1062 2139 πόλιν

386 2181 534 2263 Πριάμου
552 2207 580 2244 κ.
594 2206 617 2242 τ,
631 2182 656 2243 λ.

208 2287 391 2351 Cassandra
426 2286 589 2351 bacchans
620 2284 894 2370 vaticinansque)
925 2286 965 2351 de
996 2285 1247 2368 Agamemnonis
1279 2291 1313 2350 et

207 2411 265 2456 sua
296 2391 396 2472 ipsius
432 2395 535 2456 morte
567 2393 608 2455 ab
639 2391 800 2472 Aeschylo
830 2391 992 2455 inducitur
1022 2391 1056 2456 in
1085 2391 1143 2456 illa
1175 2391 1312 2457 omnium

206 2497 399 2579 pulcerrima
425 2502 519 2578 parte
551 2516 633 2577 quae
667 2502 717 2562 est
744 2497 818 2562 inde
851 2517 871 2562 a
903 2504 985 2562 1025
1017 2518 1117 2578 usque
1150 2499 1192 2563 ad
1218 2503 1311 2563 1281.

207 2602 335 2667 etiamsi
376 2602 550 2684 descriptio
586 2603 765 2667 Annaeana
802 2604 842 2666 ab
884 2621 923 2667 ea
959 2604 1055 2684 plane
1092 2603 1222 2670 diuersa
1258 2602 1311 2685 sit,

207 2712 351 2773 attamen
374 2727 478 2789 pauca
502 2707 647 2789 componi
670 2707 800 2789 debent,
824 2713 861 2772 ut
883 2727 914 2774 v.
940 2714 1021 2774 693:

252 2815 345 2879 Chor.
367 2816 428 2879 Sed
451 2838 508 2880 cor
529 2823 670 2879 sacratos
693 2818 807 2901 decepis
830 2818 924 2900 copiti
946 2817 1092 2899 infulas?

364 2926 483 2988 miseris
506 2925 639 2987 colendos
661 2926 795 2989 maxime
817 2946 940 3008 superos
957 2933 1072 3010 putem.

251 3028 340 3093 Cass,
371 3031 473 3094 Vicere
495 3037 600 3093 rwstra
622 3031 688 3094 ιάινι
711 3038 807 3095 metus
831 3051 932 3094 omues
953 3033 1048 3095 molo.

365 3137 502 3220 equidem
525 3156 578 3199 ιιιι
600 3136 666 3199 ulla
689 3137 806 3200 coelites
824 3138 914 3221 placo
927 3159 1016 3221 prece

365 3261 427 3325 nec,
451 3242 478 3303 si
500 3241 590 3304 veliet
612 3243 734 3325 saeuire,
759 3263 818 3326 quo
841 3249 967 3305 νιοιιανιι
987 3242 1105 3306 habeut.

314 3411 334 3480 ¹)
358 3411 523 3465 Cassandrae
547 3411 660 3466 affectus
683 3429 736 3466 nou
758 3413 869 3480 perinde
891 3418 973 3480 atquc
995 3414 1024 3467 in
1041 3413 1136 3468 Aesoh.
1158 3414 1211 3469 fab.
1230 3415 1316 3482 pictos

208 3499 363 3554 observatis.
400 3500 428 3554 in
447 3500 550 3555 Graeca
577 3501 647 3555 enim
670 3507 747 3555 vates
770 3502 972 3557 commiseratur
994 3519 1068 3557 suam
1092 3503 1176 3571 ipsius
1199 3509 1228 3558 et
1244 3504 1316 3573 Aga-

208 3589 353 3643 memnonis
385 3589 520 3643 fortunam
557 3589 601 3657 (of.
638 3589 759 3657 inprimis
794 3607 819 3643 v.
854 3593 922 3643 1090
958 3607 996 3658 sq.
1029 3591 1139 3662 laculo)
1172 3597 1201 3646 et
1231 3593 1316 3646 solum

207 3694 250 3730 vv.
275 3679 413 3730 mro-44
438 3693 467 3730 se
490 3677 635 3731 confirmat.
668 3684 763 3732 contra
794 3677 822 3732 in
848 3679 969 3734 Romana
999 3680 1052 3734 fab.
1084 3697 1185 3735 summo
1216 3681 1316 3751 gaudio

209 3765 321 3830 exultat,
341 3765 410 3831 quod
428 3765 486 3832 ipsa
503 3765 576 3819 victa
585 3766 716 3821 victorem
734 3783 824 3821 secum
842 3769 876 3821 cd
895 3774 1008 3822 mortem
1022 3770 1121 3823 trahat.
1141 3770 1191 3823 hoo
1202 3770 1316 3825 fortasse

208 3869 241 3908 ex
259 3855 323 3909 Eur.
342 3854 439 3908 Troad.
459 3855 605 3923 repetitum
624 3862 673 3922 est,
693 3856 726 3910 cf.
745 3874 770 3910 v.
788 3859 853 3910 355:

366 3951 448 4012 μῆτερ
466 3945 568 4006 πύκαζε
585 3948 662 4012 κρᾶτ’
679 3946 742 4014 ε’μὸν
763 3948 911 4015 νικηφόρον

367 4033 413 4084 καὶ
430 4041 506 4100 χαῖρε
524 4042 576 4092 τοῖς
594 4035 678 4101 ἐμοῖσι
696 4036 841 4103 βασιλικοῖς
859 4035 967 4103 γάμοις·
987 4056 1013 4087 κ.
1032 4057 1053 4087 τ.
1073 4036 1095 4088 λ,

245 4122 314 4173 462:
579 4155 612 4162 -
631 4126 692 4192 ἥκω
712 4126 736 4176 δ’
754 4125 790 4182 εἰς
807 4125 918 4191 νεκροὺς
937 4127 1083 4191 νικηφόρος

365 4210 412 4264 καὶ
426 4212 523 4278 δόμους
541 4212 647 4281 πέρσας’
662 4212 806 4281 Ἀτρειδῶν,
824 4213 863 4266 ὧν
881 4213 1051 4281 ἀπωλόμεσθ’
1067 4216 1126 4266 ὕπο.
