3052 4882
276 278 324 345 42

275 482 326 547 cui
348 483 483 548 Electra
506 482 640 548 fratrem
664 482 698 547 in
716 482 891 546 Phocidem
915 483 1136 548 abducendum
1155 479 1299 568 tradit.¹)
1323 500 1384 561 quo

274 590 362 655 facto
398 591 470 672 ipsa
504 595 676 672 postquam
714 590 756 654 ad
798 590 932 655 eandem
974 610 1064 655 aram
1105 589 1254 655 constitit
1290 609 1385 670 quam

274 697 459 762 Cassandra
483 697 632 778 amplexa
665 700 725 778 est,
760 715 829 760 oum
859 700 964 762 matre
992 695 1026 762 in
1049 696 1291 762 acerbissimam
1314 715 1385 762 oon·

274 802 468 869 troversiam
499 800 619 888 ventu)
654 806 689 868 et
717 805 880 884 postremo
903 801 1055 885 Aegisthi
1087 802 1176 868 iussu
1199 803 1232 867 in
1255 801 1386 869 vincula

275 911 440 977 conicitur.
466 950 506 958 —
539 911 695 977 Senecam
717 910 751 976 in
774 912 836 975 hac
865 915 960 992 parte
983 912 1150 977 Electram
1175 912 1385 993 Sophocleum

274 1016 467 1098 respexisse,
491 1015 525 1081 id
549 1017 633 1096 quod
656 1017 721 1081 iam
744 1015 857 1098 tetigit
880 1017 919 1081 Ι).
943 1016 1097 1082 Heinsius
1120 1037 1151 1099 p.
1177 1022 1240 1082 332
1264 1020 1299 1082 et
1322 1021 1386 1082 334

275 1123 325 1187 ed.
351 1121 500 1204 Scriver.‚
525 1120 623 1188 facile
646 1125 697 1187 est
720 1122 762 1186 ad
787 1122 1079 1187 demonstrandum.

380 1227 477 1309 Apud
510 1226 699 1309 Sophoclem
731 1228 866 1292 Electra
898 1227 1034 1292 fratrem
1064 1228 1156 1292 domo
1188 1227 1327 1294 removit
1350 1231 1385 1293 et

272 1334 464 1416 paedagogo
479 1333 580 1416 dedit,
604 1339 641 1400 ut
663 1353 736 1400 eum
760 1334 801 1398 ad
821 1333 1007 1416 Strophium
1027 1335 1212 1417 deduceret,
1237 1334 1277 1400 of.
1292 1354 1324 1402 v.
1342 1340 1380 1400 ll

273 1437 338 1523 (ed.
363 1438 493 1525 Jahn.):

431 1549 507 1612 ὅθεν
529 1572 563 1612 σε
584 1549 700 1632 πατρὸς
722 1550 757 1612 ἐκ
780 1549 889 1630 φόνων
912 1550 975 1630 ἐγώ
997 1573 1070 1612 πστε

432 1656 511 1739 πρὸς
533 1663 589 1738 σῆς
612 1657 748 1738 ὁμαίμου
772 1656 824 1718 καὶ
846 1657 1027 1738 κασιγνήτης
1049 1656 1171 1738 λαβών·

271 1761 348 1827 ibid.
372 1782 404 1828 v.
430 1767 491 1828 321
517 1766 552 1827 et
573 1762 749 1844 praecipue
773 1767 853 1827 294:
898 1762 1255 1845 τηνικαῦτα,δέ’μμανὴς

432 1871 494 1952 βοᾷ
515 1876 702 1951 παραστᾶσ·
727 1870 765 1932 οὐ
788 1870 825 1932 σύ
848 1893 903 1951 μοι
924 1870 1016 1932 τῶνδ’
1040 1870 1137 1945 αἰτία;

432 1977 470 2039 οὗ
493 1975 549 2039 σὸν
570 1975 696 2038 todeca
718 1973 857 2056 τοῦργον,
880 1977 943 2057 ἥτις
965 1976 1000 2038 ἐκ
1023 1980 1124 2057 χερῶν

431 2082 560 2163 uiduam
590 2080 737 2164 Ὀρέστην
758 2087 821 2145 τῶν
844 2082 930 2163 ἐμῶν
952 2081 1124 2156 dauferium

431 2188 494 2250 ἀλλ’
518 2188 581 2250 ἴσθι
602 2211 647 2250 τοι
668 2189 791 2250 τίσουσά
815 2188 933 2269 γ’ἀξίαν
956 2187 1051 2268 δίκην.

430 2295 549 2357 τοιαῦθ)
574 2294 702 2368 ὑλακτεῖ,
725 2293 780 2358 σὺν
804 2294 990 2377 δ’ἕποτρύνει
1011 2293 1105 2363 πέλας

431 2400 450 2462 ὁ
473 2399 589 2470 κλεινὸς
611 2401 688 2483 αὐτῇ
710 2406 803 2463 ταῦτα
826 2401 959 2482 νύμφισς
980 2401 1092 2480 παρών
1114 2423 1141 2460 κ.
1155 2423 1178 2461 τ.
1192 2399 1216 2460 λ.

270 2507 321 2571 his
356 2505 504 2573 versibus
540 2506 634 2571 simul
676 2506 782 2571 omnia
819 2505 1024 2571 continentur
1061 2523 1142 2584 quae
1180 2504 1304 2569 Seneca
1341 2504 1382 2570 de

269 2613 425 2677 Electrae
449 2612 664 2676 altercatione
684 2631 754 2677 cum
772 2615 877 2676 matre
902 2614 978 2676 acta
1001 2610 1160 2692 copiosius
1180 2609 1380 2691 conscripsit.

270 2721 305 2782 et
341 2721 455 2799 aperte
487 2717 623 2782 Electra
659 2721 797 2782 matrem
833 2716 1008 2799 obiurgans
1042 2714 1240 2797 Sophocleae
1276 2733 1381 2780 mores

269 2825 371 2889 habet
393 2843 424 2889 v.
450 2829 512 2887 353
538 2842 605 2903 su:

314 2931 397 3013 Clyt.
426 2932 531 2996 Hostus
549 2935 701 3017 pauculis,
725 2934 855 3018 impium
879 2940 969 3017 utque
992 2935 1100 2996 uuduu
1122 2939 1221 3015 copul,

430 3059 489 3122 quo
511 3058 594 3101 ruore
616 3046 711 3102 coctus
728 3039 866 3122 publicos
888 3037 1089 3122 corpoporis?

348 3143 403 3208 Et.
428 3146 650 3209 Adulterarum
672 3146 756 3229 uu'rpo
778 3147 899 3208 deserui
920 3147 1054 3209 douuuuu.

348 3249 393 3314 el.
431 3251 506 3330 Quuis
528 3272 588 3315 csse
610 3253 715 3315 credat
736 3250 911 3335 cirpiucuu?
952 3248 1003 3313 El.
1029 3250 1147 3314 Natum
1165 3251 1278 3316 tuum?

350 3357 395 3422 01.
429 3360 597 3424 Modestius
620 3381 689 3423 cuuu
712 3367 821 3423 mutue.
866 3357 919 3422 El.
947 3358 1093 3422 Pietatem
1116 3359 1226 3423 doces?

350 3463 395 3527 Ol.
429 3466 559 3528 Auu'uuos
581 3467 685 3528 ‘uiriles
708 3466 796 3528 corde
818 3465 980 3546 tumefacto
1001 3466 1099 3548 perus·

426 3572 479 3634 sed
502 3592 590 3654 apere
612 3573 727 3635 doraum
749 3570 902 3651 fcuu'uuuu
925 3571 1018 3634 disces
1041 3572 1131 3634 uuum.
1168 3588 1195 3634 e.
1216 3588 1245 3649 q.
1266 3588 1291 3634 S.

377 3777 396 3846 1)
415 3777 443 3830 in
457 3777 553 3830 Aesch.
571 3777 624 3830 fab.
639 3777 697 3845 ipsa
714 3783 802 3830 mater
811 3777 895 3830 filium
905 3778 1015 3831 amolita
1025 3784 1123 3846 estper
1132 3779 1255 3847 speciem,
1269 3786 1301 3834 ut
1313 3797 1380 3849 puer

267 3866 373 3919 intuto
394 3865 539 3918 collocatus
559 3871 638 3931 esset,
665 3865 686 3918 si
705 3865 801 3934 Argivi
824 3881 912 3919 rerum
932 3881 1061 3919 novarum
1080 3867 1222 3921 studerent
1239 3868 1379 3938 Agamem-

267 3971 336 4009 none
354 3961 418 4008 aute
437 3953 545 4007 Troiam
563 3959 676 4019 mortno,
702 3969 732 4007 re
750 3969 815 4008 vera
838 3959 929 4007 autem
952 3959 984 4007 ut
1005 3954 1091 4009 libera
1113 3955 1146 4009 ab
1169 3956 1270 4010 arbitro
1293 3957 1379 4012 indul·

267 4049 347 4114 geret
365 4042 505 4096 adulterio.

374 4130 395 4199 ²)
425 4131 463 4184 sic
482 4130 630 4184 adversarii
647 4136 747 4202 partes,
766 4136 798 4183 ut
814 4130 856 4184 ita
875 4129 969 4199 dicam,
995 4146 1061 4198 quas
1079 4131 1175 4187 chorus
1193 4133 1264 4203 apud
1281 4133 1376 4188 Aesch.

268 4221 343 4290 agit·
353 4221 480 4274 Electrae
499 4221 579 4274 datae
598 4225 669 4273 sunt.
