3052 4882
299 310 348 375 24

298 534 381 594 quae
403 516 505 580 verba
528 515 647 578 collata
670 532 740 578 cum
763 512 840 576 Acc.
864 511 1009 576 Diomcd.
1034 511 1097 592 irg.
1122 517 1140 574 3
1164 530 1194 575 v.
1221 517 1300 575 272⁴:

456 644 517 687 reon
538 643 632 707 perores
654 624 756 686 oerore
778 629 878 705 oreol,
899 622 1016 706 oereere's
1038 621 1086 683 oe'r
1107 620 1197 701 fortis
1221 621 1290 683 loeo.

298 745 431 811 similem
462 745 666 824 aliquatenus
693 743 927 809 sententiarum
958 761 1112 807 conexum
1144 742 1312 822 praebent.
1346 740 1402 805 sed

297 851 440 933 praeivit
461 851 526 916 iam
548 851 722 932 Euripides
744 851 805 916 inc.
825 849 890 915 fab.
917 854 1000 914 1050
1028 851 1047 933 ἡ
1080 849 1170 931 φύσις
1199 849 1318 931 ἑκάστῳ
1349 856 1404 910 τοῦ

298 961 403 1040 γένους
426 959 502 1024 ἐστὶν
523 960 637 1040 πατρίς.

401 1082 541 1147 Phaedr.
567 1087 631 1147 972
655 1100 702 1161 sq.
727 1083 840 1146 chorus
865 1080 1023 1161 queritur:

505 1193 557 1254 sed
579 1191 738 1255 corridere
761 1191 814 1274 qoe'
837 1196 926 1252 tento
949 1190 1037 1274 repis,

505 1298 561 1362 sub
585 1318 643 1382 quo
665 1299 743 1361 costi
759 1298 902 1381 pondero
924 1297 1035 1359 moedi

507 1405 624 1468 librato
646 1425 714 1467 suos
737 1404 853 1467 ducunt
875 1404 967 1487 orbes,

506 1511 663 1589 hominurn
687 1511 819 1574 redolere
841 1530 964 1574 securus
987 1505 1056 1572 obes

506 1639 568 1680 ooo
590 1618 733 1680 sollicitos
750 1619 892 1701 prodesse
915 1617 1000 1679 boreis

507 1726 642 1789 ooeeemse
664 1723 782 1787 molis?

507 1853 555 1895 res
576 1832 731 1896 homones
754 1831 862 1894 ordine
884 1831 967 1894 eollo

508 1939 649 2002 Fortuna
672 1939 748 2022 repit
769 1938 940 2022 sparsitque
962 1958 1059 2001 morou

507 2064 637 2109 monere
661 2065 758 2127 coeco,
777 2045 886 2128 peloro
908 2045 1020 2126 foreas.

297 2167 347 2232 cui
367 2166 549 2232 sententiae
567 2166 705 2231 maxime
720 2165 913 2232 conveniunt
926 2167 1009 2231 Enn.
1026 2166 1148 2232 Telam.
1171 2173 1186 2230 1
1208 2186 1238 2232 v.
1256 2172 1317 2230 269
1338 2185 1402 2244 sq.:

296 2315 346 2378 epo
369 2295 459 2357 deoru
480 2314 574 2377 perores
597 2314 656 2356 esse
678 2314 793 2378 semper
815 2295 882 2356 deri
904 2302 931 2358 et
953 2295 1055 2358 dicore
1079 2295 1231 2377 coelitum,

295 2402 347 2463 sed
370 2421 415 2463 eos
438 2421 500 2463 ooo
521 2421 632 2464 oerore
654 2401 760 2484 opinor
783 2402 859 2486 quid
881 2408 955 2486 oyot
977 2401 1149 2466 dumorum
1171 2422 1282 2485 porus:

296 2527 371 2570 eom
394 2507 422 2569 se'
444 2512 559 2589 cureret,
592 2505 662 2570 beree
685 2506 769 2569 boreis
791 2508 839 2590 sit,
872 2509 951 2570 orele
973 2509 1074 2591 rooles,
1104 2510 1185 2593 qood
1207 2529 1290 2572 eone
1313 2508 1403 2570 obest

296 2628 336 2694 cf.
359 2629 480 2695 Pacuv.
504 2627 566 2692 inc.
590 2623 663 2710 irg.'
675 2633 716 2692 14
738 2648 769 2694 v.
791 2634 853 2692 366
868 2648 932 2711 sq.;
956 2630 1032 2693 Ace.
1052 2628 1163 2712 Antig.
1184 2635 1201 2693 5
1223 2649 1253 2695 v.
1276 2633 1337 2694 142
1358 2648 1404 2708 sq.

298 2736 345 2800 sic
385 2736 472 2800 haud
513 2735 611 2800 semel
651 2734 840 2817 Euripides,
883 2735 979 2800 sicuti
1018 2735 1189 2819 Hippolyti
1229 2755 1259 2801 v.
1304 2741 1404 2816 11023

269 2847 476 2934 ,posteaque
512 2840 651 2923 saepius,
694 2841 842 2921 quoniam
884 2841 1031 2925 doctrina
1073 2847 1124 2907 est
1163 2841 1404 2923 Epicureorum,

299 2947 339 3013 of.
374 2948 447 3012 Sen.
481 2948 521 3012 de
552 2947 657 3012 benef.
693 2948 750 3030 IV,
783 2953 813 3030 4,
854 2954 882 3012 l.
915 2948 995 3014 alios
1027 2941 1114 3014 locos
1145 2949 1211 3013 iam
1244 2947 1407 3032 congessit

298 3057 365 3122 Leo
389 3077 419 3138 p.
447 3061 518 3120 156.

404 3180 528 3246 Nullius
551 3179 703 3246 momenti
727 3187 778 3246 est
801 3200 973 3247 consensus
997 3181 1113 3262 Oedipi
1136 3201 1166 3248 v.
1193 3188 1251 3247 86:

508 3289 595 3353 houd
618 3297 660 3353 est
681 3291 768 3353 edrile
791 3297 875 3375 torpe
899 3290 1058 3354 Fortereoe
1080 3292 1157 3354 dore

300 3413 371 3458 oum
393 3392 470 3458 Ace.
495 3394 651 3476 Meleagr.
675 3392 737 3476 ing.
765 3400 805 3458 16
828 3414 859 3460 v.
885 3399 965 3459 460:

431 3509 496 3565 erot
519 3503 594 3567 istoc
616 3503 702 3566 oirile
723 3504 806 3585 ferre
829 3505 992 3566 odoorsom
1013 3504 1177 3585 fortunare
1200 3505 1296 3586 footel,

300 3610 334 3671 et
358 3605 436 3671 Oed.
461 3626 491 3672 v.
517 3612 595 3671 214:
638 3610 763 3694 omboqe
784 3610 866 3693 (leco
888 3609 1032 3694 Delphico
1054 3632 1117 3674 oros
1140 3618 1182 3674 est
1205 3612 1259 3674 deo

638 3737 758 3780 oreoreo
780 3724 873 3802 tepere

300 3840 371 3885 cum
394 3821 515 3885 Pacuv.
539 3821 645 3887 Perib.
671 3820 733 3904 frg.
761 3829 801 3886 26
825 3842 855 3888 v.
882 3828 962 3888 308:

456 3930 547 4013 (lero,
571 3951 633 3993 nore
655 3931 742 4012 folso
765 3938 930 3995 autumare
953 3932 1042 3995 de'ete’o
1065 3931 1191 4014 Delphis
1213 3933 1292 3994 solet.

300 4034 381 4098 alios
410 4035 496 4100 locos
527 4033 625 4099 affere
649 4035 853 4117 supersedeo,
887 4035 962 4116 quia
993 4036 1132 4103 leviores
1155 4040 1230 4101 sunt
1253 4054 1348 4115 quam
1371 4041 1408 4100 ut
1443 4037 1448 4044 '

299 4139 374 4204 inde
408 4140 576 4221 quicquam
607 4140 785 4223 lucremur;
817 4141 911 4207 venio
941 4142 1006 4208 iam
1039 4143 1081 4207 ad
1113 4141 1241 4207 fabulas
1274 4161 1407 4222 quarum

300 4253 491 4332 argumenta
528 4251 657 4314 veteres
699 4251 897 4337 tractavere,
949 4253 1047 4331 atque
1079 4247 1215 4330 primum
1253 4247 1407 4330 inspicias
