3052 4882
1275 331 1318 398 31

213 544 299 608 litere
317 550 453 609 trumus’
474 543 555 628 quod
573 549 674 608 autem
692 544 765 606 dicit
783 543 879 625 litore,
899 543 987 626 iliud,
1010 549 1044 608 ut
1062 562 1160 626 supra
1178 542 1323 624 diuiruus,
1400 609 1403 616 ,

213 652 334 735 respicit
352 653 433 735 qued
455 652 489 714 iu
511 651 692 714 Pacuuii
713 650 942 734 'trapaediu
966 651 1143 714 coutiuetur.
1170 645 1323 731 (fortasse

212 755 246 819 in
268 755 381 835 Iliona,
407 754 448 820 cf.
472 755 567 820 Ribb.
592 755 691 836 Trag.
715 755 806 818 Rom.
831 774 861 835 p.
888 753 976 839 237).
1023 753 1180 818 Senecam
1202 772 1280 818 vero
1305 771 1325 816 e.

213 860 357 942 Vergilio
380 857 556 945 hausisse¹)
579 878 710 940 prorsus
734 861 840 924 elucet
863 879 880 924 e
904 861 1002 942 Verg.
1026 879 1058 925 v.
1082 864 1146 924 552
1170 877 1233 938 sq.:

256 969 557 1052 implicuitque
580 989 733 1032 ceruam
756 968 890 1050 laeua,
915 969 1082 1052 dextraque
1104 987 1261 1031 coruscum

255 1075 532 1138 extuditaciateri
555 1075 770 1158 capulotenus
793 1051 964 1136 addidit
987 1053 1127 1136 cusam.
1154 1123 1160 1136 .
1187 1123 1193 1135 .

101 1267 104 1271 ἡ
213 1183 296 1241 556:
362 1257 364 1259 Ι
456 1187 496 1243 tot
519 1181 674 1264 quemdum
691 1179 815 1263 popidis
838 1180 985 1263 terrisque
1011 1179 1174 1263 superbum

242 1314 245 1320 ·
361 1275 549 1370 reparatorem
572 1285 684 1348 Asiae:
707 1288 785 1350 iucet
807 1286 1022 1370 irtacus-litore
1044 1293 1180 1350 truncus.

214 1407 291 1468 quos
313 1408 344 1454 v.
370 1388 444 1453 Son.
468 1388 614 1469 respexit
636 1393 678 1454 46
703 1407 769 1467 sq.:
876 1412 1027 1455 scaeua
1050 1412 1173 1455 ruauu

370 1517 482 1560 cerua
504 1496 740 1578 reflecteris
762 1497 879 1580 rupium
902 1504 1019 1560 torta
1041 1503 1140 1580 caput,

370 1604 431 1666 alto
455 1603 629 1684 mefaudum
651 1603 771 1666 uulneri
791 1602 958 1684 ferrum
981 1603 1173 1685 ctutum,-

291 1707 396 1789 vLoci
432 1707 481 1771 illi
512 1707 545 1771 in
578 1706 846 1772 antecedentibus
882 1707 1003 1787 prolati
1040 1707 1124 1771 tales
1156 1712 1232 1771 sunt
1268 1707 1322 1786 qui

212 1813 407 1878 sententiam
436 1816 581 1877 nostram
604 1810 797 1894 gravissime
826 1811 955 1876 firment
983 1811 1200 1894 fulciantque3
1238 1830 1320 1891 quae

211 1923 384 2001 supersunt
406 1919 520 2000 paucis
543 1918 653 1984 verbis
677 1918 857 1999 expediam.
970 1982 971 1986 ,

211 2029 285 2094 San.
309 2049 340 2096 v.
367 2035 427 2094 241
453 2048 519 2108 sq.:
546 2033 654 2115 suique
676 2033 770 2094 motor
792 2032 889 2114 operis
912 2031 1077 2114 exemplum
1096 2030 1227 2093 horruit

480 2181 481 2184 κ
549 2138 715 2220 didicitque
733 2136 865 2200 Achilles
888 2144 913 2201 et
936 2139 994 2200 dea
1012 2144 1101 2200 uates
1122 2139 1203 2199 ruori

211 2259 398 2306 consensum
433 2241 622 2323 proderent,
665 2260 856 2320 quamquam
898 2241 1064 2323 exiguum,
1117 2259 1188 2305 cum
1228 2240 1320 2305 Accii

211 2345 470 2427 ldpinausimach.
508 2348 570 2429 frg.
611 2353 648 2410 15
687 2367 718 2413 v.
758 2352 830 2429 327,
868 2347 896 2411 si
932 2347 1094 2427 scriptura
1130 2351 1264 2428 recepta
1300 2366 1320 2410 a

211 2453 391 2518 Ribbeckio
415 2459 506 2518 certa
530 2453 842 2523 essetemendatio:

298 2562 423 2625 deorum
441 2563 583 2625 ruortuiis
605 2565 709 2646 [esse],
732 2561 881 2645 Pboeuiu,
906 2562 1012 2624 liberos

297 2669 475 2731 remiuiscor
497 2690 593 2753 saepe,
618 2676 644 2732 et
666 2670 870 2745 [meminisse]
893 2669 973 2732 idem
996 2670 1079 2732 istud
1101 2689 1149 2731 uos
1172 2669 1234 2731 ocio

209 2771 265 2858 (cf.
286 2773 340 2839 Tr.
355 2774 395 2839 R.
405 2794 437 2855 p.
454 2774 542 2860 362),
562 2774 620 2840 sed
639 2774 745 2839 omnia
763 2779 838 2839 sunt
856 2775 983 2839 incerta
1001 2779 1036 2838 et
1054 2773 1250 2839 dubitationi
1268 2776 1320 2840 ob

207 2880 314 2952 noxia.
339 2881 381 2945 ad
400 2882 596 2946 seutentiam
614 2881 694 2946 libet
710 2881 825 2946 afferre
841 2880 915 2946 Seu.
930 2881 1007 2946 dial.
1023 2883 1065 2948 ad
1083 2882 1196 2965 Polyb.
1214 2887 1264 2964 15,
1281 2887 1317 2946 3:

209 2986 321 3054 ‘Divus
334 2988 501 3070 Augustus
517 2988 625 3053 amisit
640 2988 808 3054 Octaviam
824 3007 964 3053 sororem
984 2989 1183 3054 carissimam
1203 3041 1209 3054 .
1227 3041 1234 3053 .
1252 3038 1258 3051 .
1279 3008 1318 3053 ac

208 3093 427 3177 nemomagis
451 3114 492 3159 ex
515 3095 659 3160 omnibus
683 3094 872 3160 mortalibus
895 3094 1054 3160 hominem
1078 3114 1218 3176 essese,
1244 3095 1318 3161 dnm

209 3199 294 3265 inter
316 3191 461 3267 homines
485 3207 566 3283 erat,
592 3202 714 3267 sensit’
762 3207 796 3266 et
820 3202 895 3266 dial.
921 3203 967 3267 VI
993 3210 1042 3267 15.

313 3308 387 3374 Seu.
412 3329 442 3376 v.
464 3316 525 3375 613
550 3329 616 3390 sq.:

365 3439 448 3483 uuae
467 3421 581 3483 edoceo
599 3427 691 3503 astus,
716 3422 828 3503 auitae,
852 3440 935 3483 uuuc
954 3421 1094 3503 fraudes,
1119 3421 1210 3499 dedis,

365 3544 449 3588 uuuc
471 3532 564 3588 totum
593 3526 719 3610 Uiiuem·
743 3527 854 3589 ueritas
877 3547 1047 3609 uumquam
1065 3527 1155 3609 perit.
1265 3533 1267 3536 ’

206 3630 388 3710 comparari
424 3635 559 3712 possunt
595 3651 665 3695 cum
702 3631 845 3696 eiusdem
882 3631 987 3696 Ulixis
1023 3631 1132 3698 verbis
1168 3631 1202 3695 in
1237 3631 1314 3695 Aac.

204 3736 396 3819 Nyctegres.
420 3737 482 3820 frg.
510 3744 526 3802 7
551 3758 582 3804 v.
606 3743 689 3803 489:

249 3846 318 3908 iure
338 3866 422 3909 uuuc
444 3848 642 3930 adtemptare,
666 3849 733 3910 iuoe
749 3868 840 3929 uuuc,
861 3847 972 3930 amirae,
992 3846 1121 3931 ruspari
1137 3846 1294 3930 Pbrppas!

204 4021 415 4029 μ-Ψ.

313 4105 333 4174 ¹)
360 4104 426 4159 item
444 4105 569 4160 Manilius
586 4106 659 4161 Astr.
679 4106 718 4161 IV
737 4108 772 4159 64
790 4123 828 4173 sq.
846 4107 883 4161 J,:

416 4183 495 4263 imque
514 4214 580 4264 rouo
599 4199 725 4249 Croesum
744 4198 936 4264 Pricmruuque
956 4201 983 4251 r'u
1004 4198 1081 4250 litore
1100 4203 1224 4249 tmmcum

417 4288 462 4338 eui
477 4304 523 4338 uec
546 4289 629 4338 Troia
648 4292 755 4352 ropus?
