<?xml version="1.0" encoding="UTF-8"?>
<!DOCTYPE html PUBLIC "-//W3C//DTD XHTML 1.0 Transitional//EN"
    "http://www.w3.org/TR/xhtml1/DTD/xhtml1-transitional.dtd">
<html xmlns="http://www.w3.org/1999/xhtml" xml:lang="en" lang="en">
 <head>
  <title>
</title>
<meta http-equiv="Content-Type" content="text/html;charset=utf-8" />
  <meta name='ocr-system' content='tesseract 3.04.00' />
  <meta name='ocr-capabilities' content='ocr_page ocr_carea ocr_par ocr_line ocrx_word'/>
</head>
<body>
  <div class='ocr_page' id='page_1' title='image "./derationeinters00stragoog_0033.png"; bbox 0 0 3052 4882; ppageno 0'>
   <div class='ocr_carea' id='block_1_1' title="bbox 281 319 328 387">
    <p class='ocr_par' dir='ltr' id='par_1_1' title="bbox 281 319 328 387">
     <span class='ocr_line' id='line_1_1' title="bbox 281 319 328 387; baseline 0.021 -1"><span class='ocrx_word' id='word_1_1' title='bbox 281 319 328 387; x_wconf 79' lang='grc'><strong>28</strong></span> 
     </span>
    </p>
   </div>
   <div class='ocr_carea' id='block_1_2' title="bbox 273 525 1385 1866">
    <p class='ocr_par' dir='ltr' id='par_1_2' title="bbox 278 525 847 598">
     <span class='ocr_line' id='line_1_2' title="bbox 278 525 847 598; baseline 0.009 -9"><span class='ocrx_word' id='word_1_2' title='bbox 278 529 312 589; x_wconf 89' lang='lat' dir='ltr'><strong>et</strong></span> <span class='ocrx_word' id='word_1_3' title='bbox 334 525 412 589; x_wconf 81' lang='lat' dir='ltr'><strong>Eur.</strong></span> <span class='ocrx_word' id='word_1_4' title='bbox 432 531 517 590; x_wconf 74' lang='lat'><strong>922:</strong></span> <span class='ocrx_word' id='word_1_5' title='bbox 692 590 695 598; x_wconf 86' lang='grc'><strong><em>,</em></strong></span> <span class='ocrx_word' id='word_1_6' title='bbox 843 580 847 594; x_wconf 86' lang='grc'><em>,</em></span> 
     </span>
    </p>

    <p class='ocr_par' dir='ltr' id='par_1_3' title="bbox 436 630 1105 713">
     <span class='ocr_line' id='line_1_3' title="bbox 436 630 1105 713; baseline -0.003 -20"><span class='ocrx_word' id='word_1_7' title='bbox 436 631 555 713; x_wconf 84' lang='grc' dir='ltr'><em>Κύπρις</em></span> <span class='ocrx_word' id='word_1_8' title='bbox 578 631 611 694; x_wconf 79' lang='grc' dir='ltr'><strong>δὲ</strong></span> <span class='ocrx_word' id='word_1_9' title='bbox 633 632 749 713; x_wconf 77' lang='grc' dir='ltr'><em>τούμὸν</em></span> <span class='ocrx_word' id='word_1_10' title='bbox 771 631 851 701; x_wconf 83' lang='grc' dir='ltr'><strong><em>εἶδος</em></strong></span> <span class='ocrx_word' id='word_1_11' title='bbox 874 630 1105 711; x_wconf 77' lang='grc' dir='ltr'><strong><em>ἐκπαγλουμένη</em></strong></span> 
     </span>
    </p>

    <p class='ocr_par' dir='ltr' id='par_1_4' title="bbox 277 739 1148 927">
     <span class='ocr_line' id='line_1_4' title="bbox 436 739 767 820; baseline 0 -19"><span class='ocrx_word' id='word_1_12' title='bbox 436 739 545 802; x_wconf 80' lang='grc' dir='ltr'><em>δώσειν</em></span> <span class='ocrx_word' id='word_1_13' title='bbox 567 740 702 820; x_wconf 69' lang='grc' dir='ltr'><em>ὑπέσχετ’</em></span> <span class='ocrx_word' id='word_1_14' title='bbox 728 776 767 784; x_wconf 92' lang='lat'><em>-</em></span> 
     </span>
     <span class='ocr_line' id='line_1_5' title="bbox 277 844 1148 927; baseline -0.003 -20"><span class='ocrx_word' id='word_1_15' title='bbox 277 849 356 908; x_wconf 74' lang='lat'>933:</span> <span class='ocrx_word' id='word_1_16' title='bbox 432 844 502 927; x_wconf 66' lang='grc' dir='ltr'><strong>ἦλθ’</strong></span> <span class='ocrx_word' id='word_1_17' title='bbox 527 845 595 927; x_wconf 83' lang='grc' dir='ltr'><em>οὐχὶ</em></span> <span class='ocrx_word' id='word_1_18' title='bbox 617 845 731 926; x_wconf 80' lang='grc' dir='ltr'><strong><em>μικρὰν</em></strong></span> <span class='ocrx_word' id='word_1_19' title='bbox 753 844 829 907; x_wconf 73' lang='grc' dir='ltr'><strong><em>θεὸν</em></strong></span> <span class='ocrx_word' id='word_1_20' title='bbox 851 846 933 926; x_wconf 81' lang='grc' dir='ltr'><em>ἔχων</em></span> <span class='ocrx_word' id='word_1_21' title='bbox 956 845 1050 906; x_wconf 80' lang='grc' dir='ltr'><strong><em>αὑτοῦ</em></strong></span> <span class='ocrx_word' id='word_1_22' title='bbox 1072 844 1148 923; x_wconf 81' lang='grc' dir='ltr'><strong><em>μέτα</em></strong></span> 
     </span>
    </p>

    <p class='ocr_par' dir='ltr' id='par_1_5' title="bbox 383 950 1155 1034">
     <span class='ocr_line' id='line_1_6' title="bbox 383 950 1155 1034; baseline -0.003 -20"><span class='ocrx_word' id='word_1_23' title='bbox 383 966 387 971; x_wconf 88' lang='grc'><em>“</em></span> <span class='ocrx_word' id='word_1_24' title='bbox 435 953 559 1034; x_wconf 72' lang='grc' dir='ltr'><em>ὁτῆσὸ’</em></span> <span class='ocrx_word' id='word_1_25' title='bbox 583 953 733 1033; x_wconf 77' lang='grc' dir='ltr'><strong>ἀλάστωρ,</strong></span> <span class='ocrx_word' id='word_1_26' title='bbox 757 954 806 1015; x_wconf 69' lang='grc' dir='ltr'><strong>εἴτ’</strong></span> <span class='ocrx_word' id='word_1_27' title='bbox 835 951 1036 1033; x_wconf 76' lang='grc' dir='ltr'><strong><em>Ἁλέξανδρον</em></strong></span> <span class='ocrx_word' id='word_1_28' title='bbox 1057 950 1155 1020; x_wconf 69' lang='lat' dir='ltr'><strong>dilala</strong></span> 
     </span>
    </p>

    <p class='ocr_par' dir='ltr' id='par_1_6' title="bbox 273 1058 1385 1866">
     <span class='ocr_line' id='line_1_7' title="bbox 434 1058 945 1140; baseline -0.002 -21"><span class='ocrx_word' id='word_1_29' title='bbox 434 1058 560 1138; x_wconf 83' lang='grc' dir='ltr'><strong><em>ὀνόματι</em></strong></span> <span class='ocrx_word' id='word_1_30' title='bbox 581 1064 778 1140; x_wconf 78' lang='grc' dir='ltr'><em>προσφωνεῖν</em></span> <span class='ocrx_word' id='word_1_31' title='bbox 801 1095 841 1102; x_wconf 91' lang='grc'>-</span> <span class='ocrx_word' id='word_1_32' title='bbox 936 1094 945 1118; x_wconf 68' lang='grc' dir='ltr'><em>ι</em></span> 
     </span>
     <span class='ocr_line' id='line_1_8' title="bbox 276 1157 1212 1244; baseline -0.002 -19"><span class='ocrx_word' id='word_1_33' title='bbox 276 1167 356 1226; x_wconf 81' lang='lat'>942:</span> <span class='ocrx_word' id='word_1_34' title='bbox 430 1162 484 1244; x_wconf 82' lang='grc' dir='ltr'><strong>τὴν</strong></span> <span class='ocrx_word' id='word_1_35' title='bbox 505 1163 581 1226; x_wconf 74' lang='grc' dir='ltr'><strong><em>θεὸν</em></strong></span> <span class='ocrx_word' id='word_1_36' title='bbox 603 1164 714 1237; x_wconf 81' lang='grc' dir='ltr'><strong><em>κόλαζε</em></strong></span> <span class='ocrx_word' id='word_1_37' title='bbox 737 1200 777 1208; x_wconf 85' lang='grc'>-</span> <span class='ocrx_word' id='word_1_38' title='bbox 803 1164 1013 1244; x_wconf 81' lang='grc' dir='ltr'><em>συγγνώμη</em></span> <span class='ocrx_word' id='word_1_39' title='bbox 1039 1157 1212 1244; x_wconf 46' lang='lat' dir='ltr'><strong>aliaest)</strong></span> 
     </span>
     <span class='ocr_line' id='line_1_9' title="bbox 274 1265 1384 1352; baseline -0.004 -19"><span class='ocrx_word' id='word_1_40' title='bbox 274 1270 357 1333; x_wconf 90' lang='lat' dir='ltr'><strong>haec</strong></span> <span class='ocrx_word' id='word_1_41' title='bbox 386 1269 426 1333; x_wconf 92' lang='lat' dir='ltr'><strong>de</strong></span> <span class='ocrx_word' id='word_1_42' title='bbox 458 1275 595 1349; x_wconf 90' lang='lat' dir='ltr'><strong>utraque</strong></span> <span class='ocrx_word' id='word_1_43' title='bbox 618 1269 710 1335; x_wconf 85' lang='lat' dir='ltr'><strong>Accii</strong></span> <span class='ocrx_word' id='word_1_44' title='bbox 738 1269 868 1352; x_wconf 80' lang='lat' dir='ltr'><strong>fabula3</strong></span> <span class='ocrx_word' id='word_1_45' title='bbox 899 1270 938 1334; x_wconf 92' lang='lat' dir='ltr'><strong>de</strong></span> <span class='ocrx_word' id='word_1_46' title='bbox 968 1268 1111 1334; x_wconf 89' lang='lat' dir='ltr'><strong>eiusdem</strong></span> <span class='ocrx_word' id='word_1_47' title='bbox 1139 1269 1274 1334; x_wconf 92' lang='lat' dir='ltr'><strong>Hecuba</strong></span> <span class='ocrx_word' id='word_1_48' title='bbox 1304 1265 1384 1331; x_wconf 88' lang='lat' dir='ltr'>nihil</span> 
     </span>
     <span class='ocr_line' id='line_1_10' title="bbox 275 1373 1385 1458; baseline 0 -20"><span class='ocrx_word' id='word_1_49' title='bbox 275 1374 437 1440; x_wconf 88' lang='lat' dir='ltr'><strong>affirmare</strong></span> <span class='ocrx_word' id='word_1_50' title='bbox 460 1395 588 1457; x_wconf 90' lang='lat' dir='ltr'><strong>possum</strong></span> <span class='ocrx_word' id='word_1_51' title='bbox 612 1381 786 1458; x_wconf 90' lang='lat' dir='ltr'><strong>propterea</strong></span> <span class='ocrx_word' id='word_1_52' title='bbox 810 1376 894 1456; x_wconf 93' lang='lat' dir='ltr'><strong>quod</strong></span> <span class='ocrx_word' id='word_1_53' title='bbox 917 1394 999 1440; x_wconf 92' lang='lat' dir='ltr'><strong>unus</strong></span> <span class='ocrx_word' id='word_1_54' title='bbox 1016 1393 1130 1441; x_wconf 87' lang='lat' dir='ltr'><strong>versus</strong></span> <span class='ocrx_word' id='word_1_55' title='bbox 1152 1374 1243 1454; x_wconf 90' lang='lat' dir='ltr'><strong>isque</strong></span> <span class='ocrx_word' id='word_1_56' title='bbox 1266 1373 1385 1439; x_wconf 90' lang='lat' dir='ltr'><strong>nullius</strong></span> 
     </span>
     <span class='ocr_line' id='line_1_11' title="bbox 274 1480 1383 1562; baseline 0.001 -19"><span class='ocrx_word' id='word_1_57' title='bbox 274 1480 427 1545; x_wconf 76' lang='lat' dir='ltr'>momenti</span> <span class='ocrx_word' id='word_1_58' title='bbox 449 1481 592 1553; x_wconf 88' lang='lat' dir='ltr'><strong>traditus</strong></span> <span class='ocrx_word' id='word_1_59' title='bbox 615 1487 674 1547; x_wconf 88' lang='lat' dir='ltr'><strong>est.</strong></span> <span class='ocrx_word' id='word_1_60' title='bbox 722 1481 826 1547; x_wconf 90' lang='lat' dir='ltr'><strong>sciens</strong></span> <span class='ocrx_word' id='word_1_61' title='bbox 850 1486 957 1546; x_wconf 90' lang='lat' dir='ltr'><strong>autem</strong></span> <span class='ocrx_word' id='word_1_62' title='bbox 980 1482 1154 1561; x_wconf 90' lang='lat' dir='ltr'><strong>volensque</strong></span> <span class='ocrx_word' id='word_1_63' title='bbox 1183 1481 1319 1562; x_wconf 91' lang='lat' dir='ltr'><strong>primum</strong></span> <span class='ocrx_word' id='word_1_64' title='bbox 1343 1480 1383 1544; x_wconf 92' lang='lat' dir='ltr'><strong>de</strong></span> 
     </span>
     <span class='ocr_line' id='line_1_12' title="bbox 273 1586 1383 1669; baseline 0.001 -20"><span class='ocrx_word' id='word_1_65' title='bbox 273 1586 464 1651; x_wconf 80' lang='lat' dir='ltr'><strong>recentioris</strong></span> <span class='ocrx_word' id='word_1_66' title='bbox 491 1594 608 1669; x_wconf 92' lang='lat' dir='ltr'><strong>poetae</strong></span> <span class='ocrx_word' id='word_1_67' title='bbox 639 1587 758 1653; x_wconf 86' lang='lat' dir='ltr'><strong>fabulis</strong></span> <span class='ocrx_word' id='word_1_68' title='bbox 786 1587 933 1669; x_wconf 88' lang='lat' dir='ltr'><strong>disserui,</strong></span> <span class='ocrx_word' id='word_1_69' title='bbox 966 1593 1003 1653; x_wconf 95' lang='lat' dir='ltr'><strong>ut</strong></span> <span class='ocrx_word' id='word_1_70' title='bbox 1026 1607 1108 1667; x_wconf 94' lang='lat' dir='ltr'><strong>quae</strong></span> <span class='ocrx_word' id='word_1_71' title='bbox 1136 1587 1170 1651; x_wconf 94' lang='lat' dir='ltr'><strong>in</strong></span> <span class='ocrx_word' id='word_1_72' title='bbox 1193 1587 1383 1667; x_wconf 91' lang='lat' dir='ltr'><strong>quibusdam</strong></span> 
     </span>
     <span class='ocr_line' id='line_1_13' title="bbox 274 1691 1381 1776; baseline 0.002 -20"><span class='ocrx_word' id='word_1_73' title='bbox 274 1691 316 1756; x_wconf 89' lang='lat' dir='ltr'><strong>ad</strong></span> <span class='ocrx_word' id='word_1_74' title='bbox 335 1694 551 1759; x_wconf 81' lang='lat' dir='ltr'>oeconomiam</span> <span class='ocrx_word' id='word_1_75' title='bbox 570 1694 793 1776; x_wconf 75' lang='lat' dir='ltr'><strong>spectantibus</strong></span> <span class='ocrx_word' id='word_1_76' title='bbox 806 1696 902 1759; x_wconf 91' lang='lat' dir='ltr'><strong>rebus</strong></span> <span class='ocrx_word' id='word_1_77' title='bbox 917 1714 987 1759; x_wconf 92' lang='lat' dir='ltr'><strong>cum</strong></span> <span class='ocrx_word' id='word_1_78' title='bbox 1001 1695 1180 1759; x_wconf 88' lang='lat' dir='ltr'><strong>Annaeana</strong></span> <span class='ocrx_word' id='word_1_79' title='bbox 1195 1693 1381 1774; x_wconf 89' lang='lat' dir='ltr'><strong>concinant;</strong></span> 
     </span>
     <span class='ocr_line' id='line_1_14' title="bbox 273 1800 861 1866; baseline 0.007 -6"><span class='ocrx_word' id='word_1_80' title='bbox 273 1817 356 1862; x_wconf 91' lang='lat' dir='ltr'><strong>nunc</strong></span> <span class='ocrx_word' id='word_1_81' title='bbox 379 1818 436 1865; x_wconf 91' lang='lat' dir='ltr'><strong>nos</strong></span> <span class='ocrx_word' id='word_1_82' title='bbox 459 1805 624 1866; x_wconf 90' lang='lat' dir='ltr'><strong>vertamus</strong></span> <span class='ocrx_word' id='word_1_83' title='bbox 648 1801 690 1866; x_wconf 88' lang='lat' dir='ltr'><strong>ad</strong></span> <span class='ocrx_word' id='word_1_84' title='bbox 712 1800 861 1866; x_wconf 80' lang='lat' dir='ltr'><strong>Ennium.</strong></span> 
     </span>
    </p>
   </div>
   <div class='ocr_carea' id='block_1_3' title="bbox 272 2047 1382 2382">
    <p class='ocr_par' dir='ltr' id='par_1_7' title="bbox 272 2047 1382 2382">
     <span class='ocr_line' id='line_1_15' title="bbox 380 2047 1382 2114; baseline 0 -13"><span class='ocrx_word' id='word_1_85' title='bbox 380 2047 399 2114; x_wconf 88' lang='lat'><strong>¹)</strong></span> <span class='ocrx_word' id='word_1_86' title='bbox 420 2047 536 2101; x_wconf 79' lang='lat' dir='ltr'><strong>Senecae</strong></span> <span class='ocrx_word' id='word_1_87' title='bbox 554 2048 646 2114; x_wconf 88' lang='lat' dir='ltr'><strong>procul</strong></span> <span class='ocrx_word' id='word_1_88' title='bbox 665 2047 744 2102; x_wconf 90' lang='lat' dir='ltr'><strong>dubio</strong></span> <span class='ocrx_word' id='word_1_89' title='bbox 763 2048 882 2102; x_wconf 91' lang='lat' dir='ltr'><strong>tribuere</strong></span> <span class='ocrx_word' id='word_1_90' title='bbox 900 2047 1025 2101; x_wconf 85' lang='lat' dir='ltr'><strong>debemus</strong></span> <span class='ocrx_word' id='word_1_91' title='bbox 1044 2048 1114 2114; x_wconf 89' lang='lat' dir='ltr'><strong>quod</strong></span> <span class='ocrx_word' id='word_1_92' title='bbox 1127 2048 1232 2102; x_wconf 89' lang='lat' dir='ltr'><strong>Helena</strong></span> <span class='ocrx_word' id='word_1_93' title='bbox 1249 2048 1321 2102; x_wconf 89' lang='lat' dir='ltr'><strong>iussa</strong></span> <span class='ocrx_word' id='word_1_94' title='bbox 1340 2053 1382 2101; x_wconf 91' lang='lat' dir='ltr'><strong>est</strong></span> 
     </span>
     <span class='ocr_line' id='line_1_16' title="bbox 272 2136 1381 2204; baseline 0.002 -16"><span class='ocrx_word' id='word_1_95' title='bbox 272 2136 434 2203; x_wconf 82' lang='lat' dir='ltr'><strong>Polyxenam</strong></span> <span class='ocrx_word' id='word_1_96' title='bbox 460 2137 493 2190; x_wconf 86' lang='lat' dir='ltr'><strong>ad</strong></span> <span class='ocrx_word' id='word_1_97' title='bbox 513 2136 659 2190; x_wconf 87' lang='lat' dir='ltr'><strong>thalamum</strong></span> <span class='ocrx_word' id='word_1_98' title='bbox 685 2137 788 2190; x_wconf 90' lang='lat' dir='ltr'><strong>scilicet</strong></span> <span class='ocrx_word' id='word_1_99' title='bbox 810 2137 845 2190; x_wconf 87' lang='lat' dir='ltr'><strong>ad</strong></span> <span class='ocrx_word' id='word_1_100' title='bbox 863 2141 976 2190; x_wconf 91' lang='lat' dir='ltr'><strong>mortem</strong></span> <span class='ocrx_word' id='word_1_101' title='bbox 994 2152 1130 2190; x_wconf 81' lang='lat' dir='ltr'><strong>arcessere</strong></span> <span class='ocrx_word' id='word_1_102' title='bbox 1148 2142 1177 2191; x_wconf 91' lang='lat' dir='ltr'><strong>et</strong></span> <span class='ocrx_word' id='word_1_103' title='bbox 1194 2143 1287 2204; x_wconf 89' lang='lat' dir='ltr'><strong>postea</strong></span> <span class='ocrx_word' id='word_1_104' title='bbox 1306 2137 1381 2204; x_wconf 89' lang='lat' dir='ltr'><strong>quasi</strong></span> 
     </span>
     <span class='ocr_line' id='line_1_17' title="bbox 272 2223 1380 2293; baseline 0.001 -17"><span class='ocrx_word' id='word_1_105' title='bbox 272 2224 392 2290; x_wconf 89' lang='lat' dir='ltr'><strong>pronuba</strong></span> <span class='ocrx_word' id='word_1_106' title='bbox 409 2223 450 2276; x_wconf 94' lang='lat' dir='ltr'><strong>illi</strong></span> <span class='ocrx_word' id='word_1_107' title='bbox 467 2225 628 2291; x_wconf 89' lang='lat' dir='ltr'><strong>praecedere</strong></span> <span class='ocrx_word' id='word_1_108' title='bbox 648 2227 684 2292; x_wconf 86' lang='lat' dir='ltr'><strong>(v.</strong></span> <span class='ocrx_word' id='word_1_109' title='bbox 694 2227 746 2278; x_wconf 83' lang='lat'><strong>860</strong></span> <span class='ocrx_word' id='word_1_110' title='bbox 760 2240 798 2292; x_wconf 88' lang='lat' dir='ltr'><strong>sq.</strong></span> <span class='ocrx_word' id='word_1_111' title='bbox 819 2227 887 2278; x_wconf 82' lang='lat'>1132</span> <span class='ocrx_word' id='word_1_112' title='bbox 902 2226 961 2293; x_wconf 77' lang='lat' dir='ltr'><strong>sa),</strong></span> <span class='ocrx_word' id='word_1_113' title='bbox 980 2240 1040 2277; x_wconf 89' lang='lat' dir='ltr'><strong>cum</strong></span> <span class='ocrx_word' id='word_1_114' title='bbox 1057 2224 1144 2292; x_wconf 88' lang='lat' dir='ltr'><strong>poetis</strong></span> <span class='ocrx_word' id='word_1_115' title='bbox 1163 2225 1199 2278; x_wconf 89' lang='lat' dir='ltr'><strong>sit</strong></span> <span class='ocrx_word' id='word_1_116' title='bbox 1218 2226 1380 2278; x_wconf 90' lang='lat' dir='ltr'><strong>consuetudo</strong></span> 
     </span>
     <span class='ocr_line' id='line_1_18' title="bbox 272 2311 1380 2382; baseline 0.002 -17"><span class='ocrx_word' id='word_1_117' title='bbox 272 2312 396 2366; x_wconf 80' lang='lat' dir='ltr'><strong>infaustis</strong></span> <span class='ocrx_word' id='word_1_118' title='bbox 418 2311 519 2380; x_wconf 90' lang='lat' dir='ltr'><strong>nuptiis</strong></span> <span class='ocrx_word' id='word_1_119' title='bbox 545 2313 745 2367; x_wconf 81' lang='lat' dir='ltr'><strong>infestissimam</strong></span> <span class='ocrx_word' id='word_1_120' title='bbox 768 2328 899 2380; x_wconf 89' lang='lat' dir='ltr'><strong>quamque</strong></span> <span class='ocrx_word' id='word_1_121' title='bbox 923 2313 1070 2379; x_wconf 91' lang='lat' dir='ltr'><strong>mulierem,</strong></span> <span class='ocrx_word' id='word_1_122' title='bbox 1097 2314 1239 2382; x_wconf 84' lang='lat' dir='ltr'><strong>praecipue</strong></span> <span class='ocrx_word' id='word_1_123' title='bbox 1266 2313 1380 2381; x_wconf 84' lang='lat' dir='ltr'><strong>Erinyes</strong></span> 
     </span>
    </p>
   </div>
   <div class='ocr_carea' id='block_1_4' title="bbox 264 2400 1380 4322">
    <p class='ocr_par' dir='ltr' id='par_1_8' title="bbox 264 2400 1380 4322">
     <span class='ocr_line' id='line_1_19' title="bbox 273 2400 1380 2472; baseline 0.001 -19"><span class='ocrx_word' id='word_1_124' title='bbox 273 2401 354 2467; x_wconf 85' lang='lat' dir='ltr'><strong>(unde</strong></span> <span class='ocrx_word' id='word_1_125' title='bbox 381 2400 424 2454; x_wconf 90' lang='lat' dir='ltr'><strong>hic</strong></span> <span class='ocrx_word' id='word_1_126' title='bbox 447 2417 510 2455; x_wconf 90' lang='lat' dir='ltr'><strong>usus</strong></span> <span class='ocrx_word' id='word_1_127' title='bbox 535 2402 665 2472; x_wconf 82' lang='lat' dir='ltr'><strong>originem</strong></span> <span class='ocrx_word' id='word_1_128' title='bbox 688 2402 784 2470; x_wconf 85' lang='lat' dir='ltr'><strong>trahit)</strong></span> <span class='ocrx_word' id='word_1_129' title='bbox 809 2400 955 2469; x_wconf 90' lang='lat' dir='ltr'><strong>pronubam</strong></span> <span class='ocrx_word' id='word_1_130' title='bbox 973 2401 1070 2468; x_wconf 85' lang='lat' dir='ltr'><strong>iacere,</strong></span> <span class='ocrx_word' id='word_1_131' title='bbox 1094 2419 1117 2463; x_wconf 82' lang='lat' dir='ltr'><strong>e,</strong></span> <span class='ocrx_word' id='word_1_132' title='bbox 1135 2419 1161 2472; x_wconf 87' lang='lat' dir='ltr'><strong>g.</strong></span> <span class='ocrx_word' id='word_1_133' title='bbox 1180 2403 1276 2456; x_wconf 89' lang='lat' dir='ltr'><strong>Medea</strong></span> <span class='ocrx_word' id='word_1_134' title='bbox 1297 2420 1322 2456; x_wconf 88' lang='lat' dir='ltr'><strong>v.</strong></span> <span class='ocrx_word' id='word_1_135' title='bbox 1346 2405 1380 2455; x_wconf 85' lang='lat'><strong>37</strong></span> 
     </span>
     <span class='ocr_line' id='line_1_20' title="bbox 272 2489 1379 2560; baseline 0.002 -18"><span class='ocrx_word' id='word_1_136' title='bbox 272 2489 401 2543; x_wconf 90' lang='lat' dir='ltr'><strong>minatur:</strong></span> <span class='ocrx_word' id='word_1_137' title='bbox 432 2495 588 2559; x_wconf 81' lang='lat' dir='ltr'><strong>proaulam</strong></span> <span class='ocrx_word' id='word_1_138' title='bbox 611 2495 731 2545; x_wconf 81' lang='lat' dir='ltr'><strong>thalamo</strong></span> <span class='ocrx_word' id='word_1_139' title='bbox 757 2495 845 2558; x_wconf 80' lang='lat' dir='ltr'><strong>faram</strong></span> <span class='ocrx_word' id='word_1_140' title='bbox 864 2489 875 2560; x_wconf 75' lang='lat' dir='ltr'><em>s</em></span> <span class='ocrx_word' id='word_1_141' title='bbox 894 2498 923 2543; x_wconf 83' lang='lat' dir='ltr'><strong>al</strong></span> <span class='ocrx_word' id='word_1_142' title='bbox 950 2495 1011 2560; x_wconf 70' lang='lat' dir='ltr'><strong>i&#39;posa</strong></span> <span class='ocrx_word' id='word_1_143' title='bbox 1033 2496 1132 2559; x_wconf 81' lang='lat' dir='ltr'><strong>pinam</strong></span> <span class='ocrx_word' id='word_1_144' title='bbox 1151 2499 1180 2546; x_wconf 91' lang='lat' dir='ltr'><strong>et</strong></span> <span class='ocrx_word' id='word_1_145' title='bbox 1205 2490 1287 2545; x_wconf 81' lang='lat' dir='ltr'><strong>Laius</strong></span> <span class='ocrx_word' id='word_1_146' title='bbox 1315 2490 1379 2545; x_wconf 91' lang='lat' dir='ltr'><strong>Oed.</strong></span> 
     </span>
     <span class='ocr_line' id='line_1_21' title="bbox 271 2580 1380 2650; baseline 0.001 -19"><span class='ocrx_word' id='word_1_147' title='bbox 271 2595 296 2632; x_wconf 88' lang='lat' dir='ltr'><strong>v.</strong></span> <span class='ocrx_word' id='word_1_148' title='bbox 317 2581 368 2631; x_wconf 89' lang='grc'><strong>644</strong></span> <span class='ocrx_word' id='word_1_149' title='bbox 391 2588 415 2633; x_wconf 86' lang='lat' dir='ltr'><strong>et</strong></span> <span class='ocrx_word' id='word_1_150' title='bbox 438 2599 536 2634; x_wconf 83' lang='lat' dir='ltr'><strong>mecam</strong></span> <span class='ocrx_word' id='word_1_151' title='bbox 555 2585 664 2650; x_wconf 79' lang='lat' dir='ltr'><strong>Eriapa</strong></span> <span class='ocrx_word' id='word_1_152' title='bbox 677 2583 832 2649; x_wconf 80' lang='lat' dir='ltr'><strong>proaulam</strong></span> <span class='ocrx_word' id='word_1_153' title='bbox 851 2582 967 2633; x_wconf 78' lang='lat' dir='ltr'><strong>thalami</strong></span> <span class='ocrx_word' id='word_1_154' title='bbox 988 2583 1105 2634; x_wconf 81' lang='lat' dir='ltr'><strong>traham.</strong></span> <span class='ocrx_word' id='word_1_155' title='bbox 1130 2580 1162 2634; x_wconf 81' lang='lat' dir='ltr'><strong>cf.</strong></span> <span class='ocrx_word' id='word_1_156' title='bbox 1182 2581 1326 2634; x_wconf 86' lang='lat' dir='ltr'><strong>Burmann.</strong></span> <span class='ocrx_word' id='word_1_157' title='bbox 1346 2581 1380 2633; x_wconf 90' lang='lat' dir='ltr'><strong>ad</strong></span> 
     </span>
     <span class='ocr_line' id='line_1_22' title="bbox 273 2661 1380 2737; baseline 0.002 -17"><span class='ocrx_word' id='word_1_158' title='bbox 273 2666 347 2720; x_wconf 92' lang='lat' dir='ltr'><strong>Ovid.</strong></span> <span class='ocrx_word' id='word_1_159' title='bbox 368 2668 424 2721; x_wconf 91' lang='lat' dir='ltr'><strong>her.</strong></span> <span class='ocrx_word' id='word_1_160' title='bbox 443 2669 472 2721; x_wconf 95' lang='grc' dir='ltr'>Π</span> <span class='ocrx_word' id='word_1_161' title='bbox 492 2672 541 2722; x_wconf 84' lang='grc'><strong>117</strong></span> <span class='ocrx_word' id='word_1_162' title='bbox 561 2674 590 2723; x_wconf 92' lang='lat' dir='ltr'><strong>et</strong></span> <span class='ocrx_word' id='word_1_163' title='bbox 606 2670 662 2723; x_wconf 84' lang='lat' dir='ltr'><strong>Leo</strong></span> <span class='ocrx_word' id='word_1_164' title='bbox 680 2686 705 2736; x_wconf 93' lang='lat' dir='ltr'><strong>p.</strong></span> <span class='ocrx_word' id='word_1_165' title='bbox 717 2672 767 2722; x_wconf 87' lang='lat'><strong>165</strong></span> <span class='ocrx_word' id='word_1_166' title='bbox 786 2669 846 2722; x_wconf 85' lang='lat' dir='ltr'><strong>adn.</strong></span> <span class='ocrx_word' id='word_1_167' title='bbox 865 2669 899 2722; x_wconf 93' lang='lat' dir='ltr'><strong>de</strong></span> <span class='ocrx_word' id='word_1_168' title='bbox 917 2669 1069 2737; x_wconf 87' lang='lat' dir='ltr'><strong>Polyxenae</strong></span> <span class='ocrx_word' id='word_1_169' title='bbox 1087 2677 1178 2723; x_wconf 87' lang='lat' dir='ltr'><strong>autem</strong></span> <span class='ocrx_word' id='word_1_170' title='bbox 1196 2669 1266 2722; x_wconf 73' lang='lat' dir='ltr'><strong>ficus</strong></span> <span class='ocrx_word' id='word_1_171' title='bbox 1279 2661 1380 2736; x_wconf 85' lang='lat' dir='ltr'><strong>nuptiis</strong></span> 
     </span>
     <span class='ocr_line' id='line_1_23' title="bbox 264 2755 1380 2829; baseline 0.004 -21"><span class='ocrx_word' id='word_1_172' title='bbox 264 2755 431 2829; x_wconf 29' lang='lat' dir='ltr'><strong>&#39;Foersterus</strong></span> <span class='ocrx_word' id='word_1_173' title='bbox 448 2758 540 2811; x_wconf 86' lang='lat' dir='ltr'><strong>Herm.</strong></span> <span class='ocrx_word' id='word_1_174' title='bbox 560 2759 640 2812; x_wconf 90' lang='lat' dir='ltr'>XVII</span> <span class='ocrx_word' id='word_1_175' title='bbox 662 2775 687 2826; x_wconf 88' lang='lat' dir='ltr'><strong>p.</strong></span> <span class='ocrx_word' id='word_1_176' title='bbox 707 2760 758 2812; x_wconf 81' lang='lat'><strong>193</strong></span> <span class='ocrx_word' id='word_1_177' title='bbox 783 2773 822 2824; x_wconf 88' lang='lat' dir='ltr'><strong>sq.</strong></span> <span class='ocrx_word' id='word_1_178' title='bbox 842 2761 995 2826; x_wconf 79' lang='lat' dir='ltr'><strong>[Achilleas</strong></span> <span class='ocrx_word' id='word_1_179' title='bbox 1013 2777 1039 2811; x_wconf 88' lang='grc' dir='ltr'><strong>κ.</strong></span> <span class='ocrx_word' id='word_1_180' title='bbox 1060 2761 1156 2828; x_wconf 74' lang='lat' dir='ltr'><strong>Polym.</strong></span> <span class='ocrx_word' id='word_1_181' title='bbox 1176 2763 1241 2812; x_wconf 80' lang='lat' dir='ltr'><strong>zwei</strong></span> <span class='ocrx_word' id='word_1_182' title='bbox 1258 2762 1380 2812; x_wconf 72' lang='lat' dir='ltr'><strong>ancillata</strong></span> 
     </span>
     <span class='ocr_line' id='line_1_24' title="bbox 272 2846 1378 2915; baseline 0.002 -18"><span class='ocrx_word' id='word_1_183' title='bbox 272 2849 380 2899; x_wconf 69' lang='lat' dir='ltr'><strong>(leolam.</strong></span> <span class='ocrx_word' id='word_1_184' title='bbox 402 2850 427 2899; x_wconf 90' lang='lat' dir='ltr'><strong>ol.</strong></span> <span class='ocrx_word' id='word_1_185' title='bbox 446 2850 601 2913; x_wconf 74' lang='lat' dir='ltr'><strong>Charisius]</strong></span> <span class='ocrx_word' id='word_1_186' title='bbox 620 2847 734 2915; x_wconf 89' lang='lat' dir='ltr'><strong>primum</strong></span> <span class='ocrx_word' id='word_1_187' title='bbox 753 2847 890 2901; x_wconf 89' lang='lat' dir='ltr'><strong>Welokeri</strong></span> <span class='ocrx_word' id='word_1_188' title='bbox 901 2846 1071 2914; x_wconf 85' lang='lat' dir='ltr'><strong>¹sententiam</strong></span> <span class='ocrx_word' id='word_1_189' title='bbox 1090 2848 1147 2914; x_wconf 88' lang='lat' dir='ltr'><strong>(Tr.</strong></span> <span class='ocrx_word' id='word_1_190' title='bbox 1158 2847 1203 2901; x_wconf 87' lang='lat' dir='ltr'><strong>Gr.</strong></span> <span class='ocrx_word' id='word_1_191' title='bbox 1217 2865 1242 2915; x_wconf 94' lang='lat' dir='ltr'><strong>p.</strong></span> <span class='ocrx_word' id='word_1_192' title='bbox 1255 2850 1305 2900; x_wconf 88' lang='grc'><strong>183</strong></span> <span class='ocrx_word' id='word_1_193' title='bbox 1319 2847 1378 2900; x_wconf 91' lang='lat' dir='ltr'><strong>adu.</strong></span> 
     </span>
     <span class='ocr_line' id='line_1_25' title="bbox 272 2935 1379 3004; baseline 0.004 -18"><span class='ocrx_word' id='word_1_194' title='bbox 272 2940 300 2986; x_wconf 90' lang='lat' dir='ltr'><strong>et</strong></span> <span class='ocrx_word' id='word_1_195' title='bbox 318 2950 343 3000; x_wconf 91' lang='lat' dir='ltr'><strong>p.</strong></span> <span class='ocrx_word' id='word_1_196' title='bbox 364 2937 442 3004; x_wconf 86' lang='lat'>1144)</span> <span class='ocrx_word' id='word_1_197' title='bbox 462 2936 618 3004; x_wconf 91' lang='lat' dir='ltr'><strong>repetierat,</strong></span> <span class='ocrx_word' id='word_1_198' title='bbox 640 2935 744 2990; x_wconf 91' lang='lat' dir='ltr'><strong>scilicet</strong></span> <span class='ocrx_word' id='word_1_199' title='bbox 761 2935 840 2989; x_wconf 90' lang='lat' dir='ltr'><strong>istam</strong></span> <span class='ocrx_word' id='word_1_200' title='bbox 859 2935 964 2989; x_wconf 82' lang='lat' dir='ltr'><strong>fabulae</strong></span> <span class='ocrx_word' id='word_1_201' title='bbox 983 2937 1094 2990; x_wconf 75' lang='lat' dir='ltr'><strong>termam</strong></span> <span class='ocrx_word' id='word_1_202' title='bbox 1112 2936 1249 2990; x_wconf 89' lang='lat' dir='ltr'><strong>inventam</strong></span> <span class='ocrx_word' id='word_1_203' title='bbox 1271 2952 1328 2990; x_wconf 91' lang='lat' dir='ltr'><strong>esse</strong></span> <span class='ocrx_word' id='word_1_204' title='bbox 1347 2936 1379 2989; x_wconf 91' lang='lat' dir='ltr'><strong>ab</strong></span> 
     </span>
     <span class='ocr_line' id='line_1_26' title="bbox 270 3023 1378 3093; baseline 0.003 -18"><span class='ocrx_word' id='word_1_205' title='bbox 270 3023 458 3077; x_wconf 85' lang='lat' dir='ltr'><strong>Alexandrinis</strong></span> <span class='ocrx_word' id='word_1_206' title='bbox 477 3025 522 3091; x_wconf 91' lang='lat' dir='ltr'><strong>qui</strong></span> <span class='ocrx_word' id='word_1_207' title='bbox 534 3024 647 3078; x_wconf 80' lang='lat' dir='ltr'><strong>Achillis</strong></span> <span class='ocrx_word' id='word_1_208' title='bbox 664 3041 780 3078; x_wconf 88' lang='lat' dir='ltr'><strong>amorem</strong></span> <span class='ocrx_word' id='word_1_209' title='bbox 798 3024 877 3092; x_wconf 78' lang='lat' dir='ltr'><strong>prImi</strong></span> <span class='ocrx_word' id='word_1_210' title='bbox 895 3024 1075 3091; x_wconf 85' lang='lat' dir='ltr'><strong>adfluxissent,</strong></span> <span class='ocrx_word' id='word_1_211' title='bbox 1099 3025 1132 3078; x_wconf 84' lang='lat' dir='ltr'><strong>ci.</strong></span> <span class='ocrx_word' id='word_1_212' title='bbox 1153 3026 1284 3093; x_wconf 87' lang='lat' dir='ltr'><strong>Lycophr.</strong></span> <span class='ocrx_word' id='word_1_213' title='bbox 1302 3025 1378 3079; x_wconf 85' lang='lat' dir='ltr'><strong>Alex.</strong></span> 
     </span>
     <span class='ocr_line' id='line_1_27' title="bbox 270 3113 1378 3184; baseline 0.001 -19"><span class='ocrx_word' id='word_1_214' title='bbox 270 3129 295 3165; x_wconf 88' lang='lat' dir='ltr'><strong>v.</strong></span> <span class='ocrx_word' id='word_1_215' title='bbox 315 3114 366 3165; x_wconf 75' lang='lat'><strong>323</strong></span> <span class='ocrx_word' id='word_1_216' title='bbox 385 3130 435 3180; x_wconf 83' lang='lat' dir='ltr'><strong>sq.:</strong></span> <span class='ocrx_word' id='word_1_217' title='bbox 455 3113 483 3166; x_wconf 82' lang='grc' dir='ltr'><strong>σὲ</strong></span> <span class='ocrx_word' id='word_1_218' title='bbox 502 3115 526 3166; x_wconf 84' lang='lat' dir='ltr'><strong>d&#39;</strong></span> <span class='ocrx_word' id='word_1_219' title='bbox 544 3114 605 3182; x_wconf 84' lang='grc' dir='ltr'><strong>ὠμὰ</strong></span> <span class='ocrx_word' id='word_1_220' title='bbox 622 3115 687 3181; x_wconf 83' lang='grc' dir='ltr'><strong><em>πρὸς</em></strong></span> <span class='ocrx_word' id='word_1_221' title='bbox 705 3122 820 3181; x_wconf 81' lang='grc' dir='ltr'><em>νυμφεῖα</em></span> <span class='ocrx_word' id='word_1_222' title='bbox 839 3114 884 3166; x_wconf 85' lang='grc' dir='ltr'><strong><em>καί</em></strong></span> <span class='ocrx_word' id='word_1_223' title='bbox 903 3115 1044 3182; x_wconf 81' lang='grc' dir='ltr'><strong><em>γαμηλίους</em></strong></span> <span class='ocrx_word' id='word_1_224' title='bbox 1058 3114 1069 3184; x_wconf 75' lang='lat' dir='ltr'><strong>l</strong></span> <span class='ocrx_word' id='word_1_225' title='bbox 1083 3115 1138 3177; x_wconf 81' lang='grc' dir='ltr'><strong><em>ἄξει</em></strong></span> <span class='ocrx_word' id='word_1_226' title='bbox 1157 3115 1258 3183; x_wconf 71' lang='grc' dir='ltr'><strong><em>θυηλὰς</em></strong></span> <span class='ocrx_word' id='word_1_227' title='bbox 1273 3115 1378 3183; x_wconf 83' lang='grc' dir='ltr'><strong><em>στυγνὸς</em></strong></span> 
     </span>
     <span class='ocr_line' id='line_1_28' title="bbox 274 3202 1378 3274; baseline 0.001 -20"><span class='ocrx_word' id='word_1_228' title='bbox 274 3203 375 3269; x_wconf 66' lang='lat' dir='ltr'><strong>”laidas</strong></span> <span class='ocrx_word' id='word_1_229' title='bbox 393 3202 459 3261; x_wconf 82' lang='grc' dir='ltr'><strong><em>λέως</em></strong></span> <span class='ocrx_word' id='word_1_230' title='bbox 478 3202 489 3274; x_wconf 72' lang='grc' dir='ltr'><strong><em>γ</em></strong></span> <span class='ocrx_word' id='word_1_231' title='bbox 506 3204 605 3270; x_wconf 82' lang='grc' dir='ltr'><em>μητρὸς</em></span> <span class='ocrx_word' id='word_1_232' title='bbox 630 3204 752 3270; x_wconf 82' lang='grc' dir='ltr'><strong>κελαινῆς</strong></span> <span class='ocrx_word' id='word_1_233' title='bbox 774 3202 896 3271; x_wconf 82' lang='grc' dir='ltr'><strong><em>χέρνιβας</em></strong></span> <span class='ocrx_word' id='word_1_234' title='bbox 919 3205 1079 3270; x_wconf 85' lang='grc' dir='ltr'><em>μιμούμενος</em></span> <span class='ocrx_word' id='word_1_235' title='bbox 1105 3208 1134 3256; x_wconf 77' lang='lat' dir='ltr'><strong>et</strong></span> <span class='ocrx_word' id='word_1_236' title='bbox 1157 3203 1266 3271; x_wconf 78' lang='lat' dir='ltr'><strong>Staiylli</strong></span> <span class='ocrx_word' id='word_1_237' title='bbox 1288 3203 1378 3257; x_wconf 83' lang='lat' dir='ltr'><strong>Flacci</strong></span> 
     </span>
     <span class='ocr_line' id='line_1_29' title="bbox 270 3290 1377 3359; baseline 0 -15"><span class='ocrx_word' id='word_1_238' title='bbox 270 3290 353 3359; x_wconf 82' lang='lat' dir='ltr'><strong>epigr.</strong></span> <span class='ocrx_word' id='word_1_239' title='bbox 372 3291 455 3344; x_wconf 78' lang='lat' dir='ltr'><strong>Anth.</strong></span> <span class='ocrx_word' id='word_1_240' title='bbox 473 3292 561 3345; x_wconf 88' lang='lat' dir='ltr'><strong>Palat.</strong></span> <span class='ocrx_word' id='word_1_241' title='bbox 580 3291 620 3344; x_wconf 88' lang='lat' dir='ltr'><strong>IX</strong></span> <span class='ocrx_word' id='word_1_242' title='bbox 639 3293 698 3344; x_wconf 82' lang='grc'><strong>117.</strong></span> <span class='ocrx_word' id='word_1_243' title='bbox 736 3308 814 3359; x_wconf 89' lang='lat' dir='ltr'><strong>quam</strong></span> <span class='ocrx_word' id='word_1_244' title='bbox 833 3293 994 3346; x_wconf 90' lang='lat' dir='ltr'><strong>sententiam</strong></span> <span class='ocrx_word' id='word_1_245' title='bbox 1017 3292 1087 3346; x_wconf 92' lang='lat' dir='ltr'><strong>idem</strong></span> <span class='ocrx_word' id='word_1_246' title='bbox 1109 3292 1269 3346; x_wconf 89' lang='lat' dir='ltr'><strong>Foersterus</strong></span> <span class='ocrx_word' id='word_1_247' title='bbox 1286 3293 1377 3346; x_wconf 90' lang='lat' dir='ltr'><strong>Herm.</strong></span> 
     </span>
     <span class='ocr_line' id='line_1_30' title="bbox 269 3380 1377 3448; baseline 0.002 -16"><span class='ocrx_word' id='word_1_248' title='bbox 269 3380 363 3432; x_wconf 90' lang='lat' dir='ltr'>XVIII</span> <span class='ocrx_word' id='word_1_249' title='bbox 382 3397 406 3447; x_wconf 94' lang='lat' dir='ltr'><strong>p.</strong></span> <span class='ocrx_word' id='word_1_250' title='bbox 426 3383 478 3433; x_wconf 85' lang='lat'><strong>475</strong></span> <span class='ocrx_word' id='word_1_251' title='bbox 497 3397 535 3448; x_wconf 88' lang='lat' dir='ltr'><strong>sq.</strong></span> <span class='ocrx_word' id='word_1_252' title='bbox 573 3396 603 3434; x_wconf 93' lang='lat' dir='ltr'><strong>eo</strong></span> <span class='ocrx_word' id='word_1_253' title='bbox 622 3380 754 3434; x_wconf 81' lang='lat' dir='ltr'><strong>refutavit</strong></span> <span class='ocrx_word' id='word_1_254' title='bbox 772 3381 842 3448; x_wconf 90' lang='lat' dir='ltr'><strong>quod</strong></span> <span class='ocrx_word' id='word_1_255' title='bbox 861 3396 876 3434; x_wconf 93' lang='lat' dir='ltr'><strong>e</strong></span> <span class='ocrx_word' id='word_1_256' title='bbox 894 3381 976 3434; x_wconf 87' lang='lat' dir='ltr'><strong>schol.</strong></span> <span class='ocrx_word' id='word_1_257' title='bbox 994 3381 1029 3434; x_wconf 89' lang='lat' dir='ltr'><strong>ad</strong></span> <span class='ocrx_word' id='word_1_258' title='bbox 1046 3382 1111 3434; x_wconf 84' lang='lat' dir='ltr'><strong>Eur.</strong></span> <span class='ocrx_word' id='word_1_259' title='bbox 1128 3382 1195 3435; x_wconf 91' lang='lat' dir='ltr'><strong>Hec.</strong></span> <span class='ocrx_word' id='word_1_260' title='bbox 1221 3399 1245 3434; x_wconf 90' lang='lat' dir='ltr'><strong>v.</strong></span> <span class='ocrx_word' id='word_1_261' title='bbox 1265 3384 1300 3434; x_wconf 88' lang='grc'><strong>40</strong></span> <span class='ocrx_word' id='word_1_262' title='bbox 1318 3398 1377 3434; x_wconf 92' lang='lat' dir='ltr'><strong>con-</strong></span> 
     </span>
     <span class='ocr_line' id='line_1_31' title="bbox 269 3456 1376 3539; baseline 0.003 -18"><span class='ocrx_word' id='word_1_263' title='bbox 269 3467 349 3521; x_wconf 92' lang='lat' dir='ltr'><strong>clusit</strong></span> <span class='ocrx_word' id='word_1_264' title='bbox 366 3467 418 3522; x_wconf 90' lang='lat' dir='ltr'><strong>iam</strong></span> <span class='ocrx_word' id='word_1_265' title='bbox 433 3468 461 3522; x_wconf 93' lang='lat' dir='ltr'><strong>in</strong></span> <span class='ocrx_word' id='word_1_266' title='bbox 475 3468 579 3536; x_wconf 82' lang='lat' dir='ltr'><strong>Cypriis</strong></span> <span class='ocrx_word' id='word_1_267' title='bbox 593 3456 760 3536; x_wconf 85' lang='lat' dir='ltr'><strong>carminibus,</strong></span> <span class='ocrx_word' id='word_1_268' title='bbox 775 3476 807 3522; x_wconf 91' lang='lat' dir='ltr'><strong>ut</strong></span> <span class='ocrx_word' id='word_1_269' title='bbox 820 3477 901 3523; x_wconf 87' lang='lat' dir='ltr'><strong>antea</strong></span> <span class='ocrx_word' id='word_1_270' title='bbox 915 3469 961 3523; x_wconf 87' lang='lat' dir='ltr'><strong>alii</strong></span> <span class='ocrx_word' id='word_1_271' title='bbox 975 3469 1027 3523; x_wconf 88' lang='lat' dir='ltr'><strong>viri</strong></span> <span class='ocrx_word' id='word_1_272' title='bbox 1041 3470 1114 3524; x_wconf 90' lang='lat' dir='ltr'><strong>docti</strong></span> <span class='ocrx_word' id='word_1_273' title='bbox 1127 3470 1376 3539; x_wconf 88' lang='lat' dir='ltr'><strong>pronuntiaverant,</strong></span> 
     </span>
     <span class='ocr_line' id='line_1_32' title="bbox 269 3556 1377 3628; baseline 0.002 -19"><span class='ocrx_word' id='word_1_274' title='bbox 269 3556 401 3610; x_wconf 87' lang='lat' dir='ltr'><strong>Achillem</strong></span> <span class='ocrx_word' id='word_1_275' title='bbox 420 3557 567 3625; x_wconf 91' lang='lat' dir='ltr'><strong>cupiditate</strong></span> <span class='ocrx_word' id='word_1_276' title='bbox 586 3557 738 3625; x_wconf 89' lang='lat' dir='ltr'><strong>Polyxenae</strong></span> <span class='ocrx_word' id='word_1_277' title='bbox 755 3559 891 3628; x_wconf 87' lang='lat' dir='ltr'><strong>flagrasse.</strong></span> <span class='ocrx_word' id='word_1_278' title='bbox 910 3558 1002 3625; x_wconf 87' lang='lat' dir='ltr'><strong>itaque</strong></span> <span class='ocrx_word' id='word_1_279' title='bbox 1021 3575 1101 3613; x_wconf 91' lang='lat' dir='ltr'><strong>causa</strong></span> <span class='ocrx_word' id='word_1_280' title='bbox 1118 3577 1170 3613; x_wconf 90' lang='lat' dir='ltr'><strong>non</strong></span> <span class='ocrx_word' id='word_1_281' title='bbox 1184 3559 1292 3613; x_wconf 86' lang='lat' dir='ltr'><strong>videtur</strong></span> <span class='ocrx_word' id='word_1_282' title='bbox 1311 3575 1377 3624; x_wconf 90' lang='lat' dir='ltr'><strong>esse,</strong></span> 
     </span>
     <span class='ocr_line' id='line_1_33' title="bbox 270 3647 1377 3717; baseline 0.002 -19"><span class='ocrx_word' id='word_1_283' title='bbox 270 3661 317 3698; x_wconf 92' lang='lat' dir='ltr'><strong>cur</strong></span> <span class='ocrx_word' id='word_1_284' title='bbox 334 3662 387 3699; x_wconf 91' lang='lat' dir='ltr'><strong>non</strong></span> <span class='ocrx_word' id='word_1_285' title='bbox 405 3662 538 3700; x_wconf 90' lang='lat' dir='ltr'><strong>sumamus</strong></span> <span class='ocrx_word' id='word_1_286' title='bbox 556 3647 620 3699; x_wconf 85' lang='lat' dir='ltr'><strong>Eur.</strong></span> <span class='ocrx_word' id='word_1_287' title='bbox 639 3647 704 3700; x_wconf 92' lang='lat' dir='ltr'><strong>Heo.</strong></span> <span class='ocrx_word' id='word_1_288' title='bbox 723 3650 769 3700; x_wconf 88' lang='lat'><strong>40:</strong></span> <span class='ocrx_word' id='word_1_289' title='bbox 789 3649 900 3699; x_wconf 80' lang='grc' dir='ltr'><strong><em>αἰτεῖ-</em></strong></span> <span class='ocrx_word' id='word_1_290' title='bbox 916 3649 1007 3716; x_wconf 75' lang='grc' dir='ltr'><em>τύμβῳ</em></span> <span class='ocrx_word' id='word_1_291' title='bbox 1027 3649 1138 3716; x_wconf 72' lang='lat' dir='ltr'><strong>ailla</strong></span> <span class='ocrx_word' id='word_1_292' title='bbox 1155 3651 1316 3717; x_wconf 79' lang='grc' dir='ltr'><strong><em>πρόσφαγμα</em></strong></span> <span class='ocrx_word' id='word_1_293' title='bbox 1331 3649 1377 3700; x_wconf 82' lang='grc' dir='ltr'><strong><em>καὶ</em></strong></span> 
     </span>
     <span class='ocr_line' id='line_1_34' title="bbox 269 3734 1376 3805; baseline 0.004 -20"><span class='ocrx_word' id='word_1_294' title='bbox 269 3734 345 3802; x_wconf 83' lang='grc' dir='ltr'><strong><em>γέρας</em></strong></span> <span class='ocrx_word' id='word_1_295' title='bbox 369 3735 459 3803; x_wconf 82' lang='grc' dir='ltr'><strong><em>λαβεῖν</em></strong></span> <span class='ocrx_word' id='word_1_296' title='bbox 481 3735 609 3789; x_wconf 86' lang='lat' dir='ltr'><strong>adludere</strong></span> <span class='ocrx_word' id='word_1_297' title='bbox 634 3736 668 3789; x_wconf 87' lang='lat' dir='ltr'><strong>ad</strong></span> <span class='ocrx_word' id='word_1_298' title='bbox 690 3735 803 3789; x_wconf 88' lang='lat' dir='ltr'><strong>Achillis</strong></span> <span class='ocrx_word' id='word_1_299' title='bbox 826 3751 950 3790; x_wconf 91' lang='lat' dir='ltr'><strong>amorem.</strong></span> <span class='ocrx_word' id='word_1_300' title='bbox 987 3753 1101 3805; x_wconf 89' lang='lat' dir='ltr'><strong>namque</strong></span> <span class='ocrx_word' id='word_1_301' title='bbox 1123 3737 1252 3804; x_wconf 87' lang='lat' dir='ltr'><strong>quomodo</strong></span> <span class='ocrx_word' id='word_1_302' title='bbox 1272 3737 1376 3791; x_wconf 91' lang='lat' dir='ltr'><strong>omnino</strong></span> 
     </span>
     <span class='ocr_line' id='line_1_35' title="bbox 268 3821 1376 3892; baseline 0.003 -17"><span class='ocrx_word' id='word_1_303' title='bbox 268 3821 327 3876; x_wconf 91' lang='lat' dir='ltr'><strong>fieri</strong></span> <span class='ocrx_word' id='word_1_304' title='bbox 352 3829 443 3890; x_wconf 92' lang='lat' dir='ltr'><strong>potest</strong></span> <span class='ocrx_word' id='word_1_305' title='bbox 469 3830 501 3876; x_wconf 93' lang='lat' dir='ltr'><strong>ut</strong></span> <span class='ocrx_word' id='word_1_306' title='bbox 527 3823 554 3876; x_wconf 92' lang='lat' dir='ltr'><strong>in</strong></span> <span class='ocrx_word' id='word_1_307' title='bbox 581 3824 631 3878; x_wconf 91' lang='lat' dir='ltr'><strong>hac</strong></span> <span class='ocrx_word' id='word_1_308' title='bbox 659 3830 687 3878; x_wconf 91' lang='lat' dir='ltr'><strong>et</strong></span> <span class='ocrx_word' id='word_1_309' title='bbox 706 3856 739 3863; x_wconf 90' lang='lat'><em>-</em></span> <span class='ocrx_word' id='word_1_310' title='bbox 758 3825 785 3878; x_wconf 93' lang='lat' dir='ltr'><strong>id</strong></span> <span class='ocrx_word' id='word_1_311' title='bbox 809 3826 879 3892; x_wconf 81' lang='lat' dir='ltr'><strong>qruod</strong></span> <span class='ocrx_word' id='word_1_312' title='bbox 903 3826 960 3879; x_wconf 88' lang='lat' dir='ltr'><strong>veri</strong></span> <span class='ocrx_word' id='word_1_313' title='bbox 985 3826 1093 3881; x_wconf 88' lang='lat' dir='ltr'><strong>videtur</strong></span> <span class='ocrx_word' id='word_1_314' title='bbox 1115 3826 1278 3880; x_wconf 90' lang='lat' dir='ltr'><strong>simillimum</strong></span> <span class='ocrx_word' id='word_1_315' title='bbox 1297 3826 1376 3879; x_wconf 89' lang='lat' dir='ltr'><strong>—in</strong></span> 
     </span>
     <span class='ocr_line' id='line_1_36' title="bbox 269 3912 1378 3983; baseline 0.003 -18"><span class='ocrx_word' id='word_1_316' title='bbox 269 3912 414 3979; x_wconf 86' lang='lat' dir='ltr'><strong>Sophoclea</strong></span> <span class='ocrx_word' id='word_1_317' title='bbox 441 3929 544 3979; x_wconf 85' lang='lat' dir='ltr'><strong>quoquc</strong></span> <span class='ocrx_word' id='word_1_318' title='bbox 570 3913 711 3982; x_wconf 83' lang='lat' dir='ltr'><strong>tragoedia</strong></span> <span class='ocrx_word' id='word_1_319' title='bbox 736 3914 848 3968; x_wconf 89' lang='lat' dir='ltr'><strong>Achillis</strong></span> <span class='ocrx_word' id='word_1_320' title='bbox 873 3914 1042 3967; x_wconf 88' lang='lat' dir='ltr'><strong>simulacrum</strong></span> <span class='ocrx_word' id='word_1_321' title='bbox 1069 3915 1169 3969; x_wconf 83' lang='lat' dir='ltr'><strong>diserte</strong></span> <span class='ocrx_word' id='word_1_322' title='bbox 1200 3914 1378 3983; x_wconf 86' lang='lat' dir='ltr'><strong>postulaverit</strong></span> 
     </span>
     <span class='ocr_line' id='line_1_37' title="bbox 267 4000 1376 4070; baseline 0.003 -17"><span class='ocrx_word' id='word_1_323' title='bbox 267 4000 439 4067; x_wconf 85' lang='lat' dir='ltr'><strong>Polyxenam,</strong></span> <span class='ocrx_word' id='word_1_324' title='bbox 472 4001 524 4055; x_wconf 89' lang='lat' dir='ltr'><strong>nisi</strong></span> <span class='ocrx_word' id='word_1_325' title='bbox 550 4001 611 4055; x_wconf 88' lang='lat' dir='ltr'><strong>vivo</strong></span> <span class='ocrx_word' id='word_1_326' title='bbox 640 4002 663 4056; x_wconf 92' lang='lat' dir='ltr'><strong>ei</strong></span> <span class='ocrx_word' id='word_1_327' title='bbox 690 4002 809 4070; x_wconf 79' lang='lat' dir='ltr'><strong>placuit?</strong></span> <span class='ocrx_word' id='word_1_328' title='bbox 845 4002 920 4070; x_wconf 87' lang='lat' dir='ltr'><strong>atqui</strong></span> <span class='ocrx_word' id='word_1_329' title='bbox 950 4010 1044 4070; x_wconf 88' lang='lat' dir='ltr'><strong>poetas</strong></span> <span class='ocrx_word' id='word_1_330' title='bbox 1075 4003 1269 4058; x_wconf 83' lang='lat' dir='ltr'><strong>Alexandrinos</strong></span> <span class='ocrx_word' id='word_1_331' title='bbox 1301 4003 1376 4057; x_wconf 92' lang='lat' dir='ltr'><strong>illum</strong></span> 
     </span>
     <span class='ocr_line' id='line_1_38' title="bbox 269 4090 1377 4160; baseline 0.004 -18"><span class='ocrx_word' id='word_1_332' title='bbox 269 4105 385 4143; x_wconf 89' lang='lat' dir='ltr'><strong>amorem</strong></span> <span class='ocrx_word' id='word_1_333' title='bbox 399 4090 510 4160; x_wconf 88' lang='lat' dir='ltr'><strong>egregie</strong></span> <span class='ocrx_word' id='word_1_334' title='bbox 524 4091 690 4146; x_wconf 88' lang='lat' dir='ltr'><strong>celebrantes</strong></span> <span class='ocrx_word' id='word_1_335' title='bbox 703 4092 856 4159; x_wconf 88' lang='lat' dir='ltr'><strong>Polyxenae</strong></span> <span class='ocrx_word' id='word_1_336' title='bbox 874 4096 987 4145; x_wconf 88' lang='lat' dir='ltr'><strong>mortem</strong></span> <span class='ocrx_word' id='word_1_337' title='bbox 1006 4107 1065 4146; x_wconf 88' lang='lat' dir='ltr'><strong>cum</strong></span> <span class='ocrx_word' id='word_1_338' title='bbox 1079 4092 1196 4147; x_wconf 87' lang='lat' dir='ltr'><strong>thalamo</strong></span> <span class='ocrx_word' id='word_1_339' title='bbox 1211 4108 1377 4160; x_wconf 87' lang='lat' dir='ltr'><strong>comparasse</strong></span> 
     </span>
     <span class='ocr_line' id='line_1_39' title="bbox 269 4178 1376 4252; baseline 0.007 -22"><span class='ocrx_word' id='word_1_340' title='bbox 269 4178 389 4246; x_wconf 88' lang='lat' dir='ltr'><strong>exempla</strong></span> <span class='ocrx_word' id='word_1_341' title='bbox 410 4179 497 4245; x_wconf 84' lang='lat' dir='ltr'><strong>posita</strong></span> <span class='ocrx_word' id='word_1_342' title='bbox 522 4196 537 4234; x_wconf 91' lang='lat' dir='ltr'><strong>a</strong></span> <span class='ocrx_word' id='word_1_343' title='bbox 562 4180 705 4235; x_wconf 88' lang='lat' dir='ltr'><strong>Foerstero</strong></span> <span class='ocrx_word' id='word_1_344' title='bbox 728 4179 848 4235; x_wconf 81' lang='lat' dir='ltr'><strong>&#39;edocent</strong></span> <span class='ocrx_word' id='word_1_345' title='bbox 886 4197 950 4252; x_wconf 85' lang='lat' dir='ltr'><strong>ergo</strong></span> <span class='ocrx_word' id='word_1_346' title='bbox 972 4180 1108 4248; x_wconf 88' lang='lat' dir='ltr'><strong>probabile</strong></span> <span class='ocrx_word' id='word_1_347' title='bbox 1131 4188 1173 4235; x_wconf 89' lang='lat' dir='ltr'><strong>est</strong></span> <span class='ocrx_word' id='word_1_348' title='bbox 1191 4182 1318 4238; x_wconf 83' lang='lat' dir='ltr'><strong>Senecam</strong></span> <span class='ocrx_word' id='word_1_349' title='bbox 1343 4181 1376 4238; x_wconf 85' lang='lat' dir='ltr'><strong>iis</strong></span> 
     </span>
     <span class='ocr_line' id='line_1_40' title="bbox 268 4267 492 4322; baseline 0.004 -1"><span class='ocrx_word' id='word_1_350' title='bbox 268 4284 343 4321; x_wconf 88' lang='lat' dir='ltr'><strong>suum</strong></span> <span class='ocrx_word' id='word_1_351' title='bbox 362 4267 492 4322; x_wconf 89' lang='lat' dir='ltr'><strong>debuisse.</strong></span> 
     </span>
    </p>
   </div>
   <div class='ocr_carea' id='block_1_5' title="bbox 0 0 1530 4882">
    <p class='ocr_par' dir='ltr' id='par_1_9' title="bbox 0 0 1530 4882">
     <span class='ocr_line' id='line_1_41' title="bbox 0 0 1530 4882; baseline 0 3"><span class='ocrx_word' id='word_1_352' title='bbox 0 0 1530 4882; x_wconf 95' lang='lat' dir='ltr'><strong> </strong></span> 
     </span>
    </p>
   </div>
  </div>
 </body>
</html>
