3052 4882
1280 349 1327 430 29

319 554 427 634 Atque
450 554 586 619 Hecuba
616 574 698 634 quae
728 554 958 638 ecognominc
981 554 1153 636 Euripidia
1184 553 1253 618 tere
1286 553 1328 618 ad

215 661 347 725 verbnm
365 679 462 726 versa
480 664 532 725 est
554 660 667 725 statim
689 662 931 742 praetermissa,
966 660 1041 740 quia
1075 679 1158 740 quae
1189 658 1328 724 conferri

213 766 340 847 possint
352 785 484 847 prorsus
498 785 560 831 non
575 765 793 848 inveniuntur,
809 767 936 850 longius
951 766 1097 832 adferam
1111 765 1328 848 fragmentum
1428 765 1430 770 ’

214 890 255 936 ex
290 872 517 937 Andromacha
552 871 808 954 Aechmalotide
852 892 982 937 carmen
1019 871 1090 936 dico
1122 872 1326 952 praeclarum

212 977 297 1056 quod
328 977 480 1043 Hectoris
517 996 598 1042 uxor
633 983 708 1060 post
741 979 858 1043 Troiae
895 978 1054 1043 excidium
1087 982 1121 1042 et
1153 977 1252 1041 filium
1285 976 1326 1041 de

210 1102 300 1147 muro
323 1082 481 1147 iactatum
505 1081 660 1169 cantat,¹)
684 1083 747 1166 frg.
772 1090 790 1148 9
815 1105 846 1150 v.
873 1090 929 1148 75:
1372 1085 1373 1088 ’

211 1192 287 1276 qaid
303 1199 408 1276 petam
426 1194 569 1276 praesidi
591 1200 648 1256 aat
670 1193 827 1278 coequar?
848 1214 938 1278 paone
961 1213 1044 1256 aare

211 1296 328 1361 aredio
351 1305 406 1361 aat
428 1299 500 1362 caiti
523 1306 578 1363 aat
599 1300 694 1383 fapae
716 1300 798 1381 freta
820 1299 903 1362 sim?

210 1412 323 1468 arceat
347 1405 420 1468 arbe
442 1406 516 1468 orba
539 1427 616 1470 sam.
664 1427 722 1490 qao
745 1406 912 1469 accedam?
955 1426 1014 1490 qao
1037 1405 1208 1490 applicem?

199 1511 281 1594 ¹qaoi
304 1531 357 1574 aec
380 1532 457 1574 arae
473 1513 600 1595 patriae
629 1513 713 1574 dmai
738 1519 829 1596 staret,
860 1510 980 1594 fractae
1003 1519 1028 1574 et
1051 1512 1192 1574 disiectae
1215 1513 1322 1594 iaceat,

208 1619 291 1699 fama
312 1619 443 1701 stamma
467 1620 651 1703 deflaprata
676 1622 744 1683 tosti
767 1621 823 1682 alti
845 1627 927 1682 staret
945 1621 1080 1703 parietes

209 1725 376 1805 deformati
398 1732 488 1808 atqae
511 1725 604 1788 abiate
627 1727 729 1809 crispa

626 1848 643 1883 *
755 1848 771 1883 *
883 1848 899 1883 *

421 1961 549 2037 opater
569 1990 608 1996 —
634 1990 673 1996 -

419 2061 484 2122 aidi
506 2081 556 2144 epo
580 2067 606 2122 te
629 2062 768 2123 adstante
791 2082 844 2143 ope
867 2060 1032 2123 barbarica

418 2168 500 2228 tectis
522 2167 645 2229 caelatis
668 2168 809 2249 lamatio,
952 2250 953 2253 Ἴ

418 2292 498 2336 aare
522 2272 605 2335 ebore
627 2274 809 2335 instructam
833 2273 959 2357 repiftce.

417 2376 489 2441 haec
512 2380 616 2442 marcia
639 2381 718 2459 oidei
740 2379 960 2461 imflammarei,

416 2485 546 2548 Priamo
567 2478 597 2549 ei
619 2489 712 2549 oitam
736 2487 867 2569 coitarei,

416 2592 503 2656 Jooic
526 2614 616 2656 aram
639 2595 790 2678 saapaiae
813 2594 962 2677 torperet.

207 2699 240 2760 et
262 2694 324 2778 frg.
352 2700 406 2760 1'0:
453 2721 488 2762 aa
510 2700 615 2783 opihas
637 2701 765 2762 samonis
787 2700 851 2784 opis
874 2720 968 2784 opere,
992 2698 1111 2782 Hector,
1136 2706 1214 2762 taae.

205 2800 278 2866 istis
309 2795 456 2867 versibus
493 2802 614 2869 similes
651 2807 726 2868 sunt
756 2802 1004 2868 Andromachae
1042 2802 1128 2884 apud
1161 2802 1317 2869 Senecam

204 2906 455 2973 lamentationes
478 2929 508 2974 v.
533 2913 596 2973 476
621 2906 715 2995 aad)

523 3052 562 3060 —
587 3017 722 3100 deame,
748 3017 815 3101 qais
838 3018 918 3081 locas
940 3016 1023 3098 fidas
1045 3037 1109 3079 meo

363 3123 420 3185 erit
443 3123 547 3185 timori
569 3145 664 3207 qaaoe
687 3130 712 3186 te
734 3125 802 3186 sede
826 3122 987 3186 occatam?

364 3250 424 3292 are
446 3231 502 3293 itia
519 3231 636 3314 polleas
659 3231 763 3314 opimas
786 3237 813 3293 et
835 3230 935 3292 moeris
958 3230 1058 3312 deora,

204 3405 415 3414 n———

312 3490 332 3560 ¹)
351 3491 390 3545 sic
408 3509 424 3544 a
441 3491 518 3546 Ribb.
538 3492 584 3546 Tr.
603 3492 635 3546 R.
655 3508 680 3559 p.
701 3494 751 3544 137
770 3496 845 3545 recte
863 3491 1010 3545 iudicatum
1028 3492 1114 3545 video.
1142 3508 1204 3545 nam
1222 3508 1237 3546 e
1255 3497 1314 3546 toto

204 3577 329 3634 carminis
352 3585 446 3634 tenore
464 3580 635 3648 intellegitur
656 3580 869 3633 Andromacham
894 3597 947 3633 non
964 3580 1020 3634 filio
1038 3545 1166 3634 auxilium
1185 3596 1313 3647 quaerere

203 3667 251 3721 sed
275 3666 325 3721 sibi
349 3668 408 3736 ipsi.
445 3669 506 3722 vide
525 3669 577 3738 frg.
597 3671 630 3722 12
649 3685 673 3721 v.
693 3670 780 3722 91-3
799 3684 864 3735 qnos
883 3668 1034 3738 Scaligerus
1053 3669 1111 3722 iure
1129 3668 1267 3722 coniunxit
1285 3674 1314 3723 et

203 3755 406 3810 Andromachae
420 3749 527 3810 tribuit:
551 3760 615 3824 eddi,
634 3759 722 3810 ridere
737 3760 807 3824 qaod
820 3775 977 3825 compassa
992 3775 1154 3825 amarante,
1175 3759 1312 3811 Hectorem

203 3861 288 3896 curra
307 3848 470 3912 quadrtiapo
488 3848 636 3912 raptarier,
656 3847 780 3897 Hectoris
798 3852 893 3896 aotam
912 3848 943 3898 de
961 3862 1040 3897 maro
1058 3849 1196 3898 iactarier.

309 3931 330 4000 ⁹)
349 3934 527 3999 Duentzerus‚
546 3933 592 4000 qui
609 3933 638 3986 in
656 3932 787 3986 Zeitschr.
805 3933 825 3986 f,
841 3933 866 3986 d.
885 3933 1024 3987 Altertsw.
1044 3936 1113 3986 1838
1130 3950 1156 4001 p.
1170 3936 1204 3986 47
1219 3949 1258 4000 sq.
1277 3934 1311 3987 ad

202 4019 352 4075 Ennianam
373 4021 490 4075 fabulam
516 4022 699 4090 explicandam
717 4037 810 4076 verens
835 4023 961 4088 quosdam
987 4022 1127 4076 adnotavit
1144 4024 1311 4087 Annaeanos,

202 4109 251 4164 hoc
270 4111 451 4180 fragmentum
469 4127 528 4165 omn
545 4112 672 4165 Hecubae
690 4111 815 4164 lamentis
833 4111 998 4178 comparavit
1015 4111 1086 4179 apud
1104 4111 1164 4164 Sen.
1182 4128 1208 4164 v.
1228 4113 1310 4164 1168:

361 4202 458 4253 bellam
472 4209 613 4269 peractam
631 4208 677 4254 eet.
715 4218 766 4268 qao
784 4219 856 4253 amaa
876 4204 1003 4254 damianae
1020 4204 1132 4266 feram?

362 4291 409 4341 abi
425 4292 494 4342 harae
512 4293 595 4342 ortilis
613 4308 729 4358 capuam
749 4293 795 4342 leti
812 4295 942 4341 moram?
968 4306 992 4355 q.
1007 4305 1032 4341 s.·
