3052 4882
1266 343 1312 408 23

310 536 359 601 Ac
377 558 417 602 ne
436 538 504 603 fieri
529 559 622 620 posse
642 541 782 621 opineris
800 548 836 606 ut
856 543 979 608 Seneca
998 544 1139 627 singulos
1159 547 1313 625 quosdam

206 644 291 709 locos
305 644 360 710 ubi
374 663 443 709 cum
459 646 577 711 fabulis
592 647 734 727 antiquis
748 649 838 713 Rom.
855 650 995 715 concinit
1014 653 1055 716 ab
1073 651 1113 716 iis
1133 653 1313 735 repetierit,

207 770 411 816 accersamus.
436 752 589 832 quidquid
619 756 680 819 huc
709 756 871 837 respicere
902 757 1042 840 videtur,
1080 760 1163 824 uude
1195 760 1314 825 notitia

206 856 236 922 ei
258 857 387 923 venerit
410 857 650 943 disquisituri.¹)

311 963 357 1028 Et
379 963 514 1044 primum
539 965 665 1044 quidem
689 973 828 1047 apparet
845 967 919 1033 illas
941 974 1094 1048 quattuor
1112 971 1311 1053 tragoedias,

205 1070 378 1134 Herculem
398 1069 468 1134 dico
486 1076 655 1151 utramque
670 1079 704 1136 et
717 1074 901 1138 Phaedram
912 1075 1314 1159 Oedipumque,minimum

206 1175 298 1241 nobis
320 1178 495 1258 praebere;
520 1197 602 1256 quae
625 1178 734 1244 inveni
758 1179 900 1244 afferam.

312 1280 390 1346 Cum
411 1283 508 1347 Herc.
533 1283 555 1347 f.
580 1304 610 1349 v.
636 1289 697 1348 547
724 1305 786 1365 sq.:

475 1391 544 1470 Qaa
565 1414 615 1475 spe
633 1395 813 1477 praecipites
836 1401 920 1457 actas
943 1397 986 1457 ad
1009 1397 1134 1480 inferos,

418 1500 526 1561 andnr
549 1501 681 1563 tracias
705 1501 922 1583 inremeabiles,

419 1608 520 1670 naun
544 1608 667 1671 Siculae
690 1630 784 1693 repna
807 1609 1033 1693 Proserpinae?
1080 1595 1083 1600 ’

207 1708 388 1790 comparari
409 1716 545 1790 possunt
567 1711 628 1775 ine.
654 1711 714 1776 inc.
740 1711 802 1793 frg.
829 1717 889 1777 147
915 1733 945 1777 v.
971 1716 1033 1776 249
1058 1732 1124 1792 sap:

419 1867 425 1880 .
453 1868 458 1880 .
484 1840 634 1901 quaenam
660 1827 686 1882 te
709 1821 849 1903 adipant,
877 1820 988 1903 hospes,

416 1930 526 2007 stanna
549 1927 670 2008 capacis
692 1927 785 1989 visere
807 1928 924 1989 Auerni
935 1920 980 2008 3²)

206 2027 320 2108 quibus
349 2029 497 2094 versibus
524 2029 683 2095 Hercules
713 2029 909 2111 interrogari
939 2029 1086 2112 videtur;
1120 2033 1177 2096 sed
1209 2051 1315 2097 rerum

207 2135 351 2201 condicio
376 2135 506 2201 diversa
530 2142 594 2201 est:
619 2137 685 2201 illic
708 2137 770 2202 ivit
792 2138 961 2218 Hercules⁷
984 2137 1037 2202 hic
1060 2137 1164 2202 iturus
1188 2144 1247 2202 est.

312 2258 466 2324 Eiusdem
494 2258 558 2324 fab.
587 2279 618 2325 v.
644 2266 706 2324 338
737 2279 783 2340 sq.
817 2261 924 2343 Lycus
953 2261 1116 2326 detrectat
1148 2280 1248 2344 genus
1282 2267 1315 2326 et

208 2365 407 2432 nobilitatem
431 2365 536 2431 hisce:

629 2459 739 2521 nobiles
762 2479 825 2520 non
847 2465 920 2521 sant
946 2458 1022 2520 rnilrn'

418 2566 468 2627 ari
491 2586 544 2627 nec
567 2566 638 2628 altis
662 2566 800 2629 inditam
824 2565 921 2627 titanis
942 2585 1061 2647 perans„

417 2672 470 2733 sed
492 2673 578 2734 clara
601 2674 712 2735 ‘ciltena
736 2673 789 2756 qni
809 2692 904 2756 penas
927 2673 1021 2734 iactat
1042 2691 1142 2755 secam,

418 2778 521 2841 aliena
545 2779 663 2842 larcclat.

313 2949 334 3020 ¹)
353 2965 484 3017 exponere
498 2952 541 3004 hic
559 2959 679 3018 poteram
694 2952 821 3005 Senecam
834 2966 961 3017 persaepe
976 2949 1125 3018 Vergilium
1140 2951 1314 3018 tlvidiumque

206 3044 235 3092 et
260 3039 403 3093 Horatium
429 3040 457 3092 iu
485 3040 581 3093 falmlis
613 3041 788 3107 expressisse3
820 3047 940 3093 attamen
969 3055 1027 3092 cum
1054 3054 1131 3091 nemo
1163 3056 1215 3092 non
1247 3040 1313 3093 sciat

206 3128 333 3181 Senecam
351 3129 495 3182 secundum
514 3145 613 3182 morem
627 3135 685 3182 tum
699 3129 726 3182 in
740 3129 878 3182 rhetorum
891 3127 961 3180 ludis
975 3127 1104 3180 usitatum
1119 3143 1163 3179 ecs
1177 3126 1314 3181 lectitasse

206 3216 295 3270 etita
322 3217 426 3284 quidem
453 3225 484 3271 ut
511 3218 637 3271 memoria
662 3233 707 3271 eos
725 3217 818 3284 utique
836 3223 942 3270 teneret
961 3215 1100 3269 notissima
1126 3215 1173 3269 illa
1196 3216 1314 3269 breviter

206 3322 424 3360 commemorasse
443 3308 508 3361 satis
527 3307 618 3360 habeo.
881 3358 883 3363 .

312 3393 334 3464 ⁹)
357 3395 401 3449 ubi
419 3397 541 3466 gentium
560 3397 610 3466 frg.
632 3396 753 3449 extiterit
771 3395 850 3463 plane
869 3393 976 3447 dubium
995 3400 1037 3446 est
1055 3400 1084 3446 et
1100 3409 1134 3446 ne
1153 3392 1314 3447 Ribbeckius

205 3484 311 3551 quidem
330 3484 413 3538 ullum
432 3486 541 3538 verbum
560 3486 592 3538 de
612 3502 642 3538 eo
661 3484 734 3538 facit.
771 3490 879 3552 poterat
902 3490 994 3536 extare
1013 3482 1105 3549 opinor
1132 3482 1159 3534 iu
1177 3482 1313 3535 Alcestide

206 3590 283 3640 quam
302 3573 412 3626 Accium
432 3574 552 3627 clocuisse
571 3581 676 3627 constat
694 3574 737 3627 vel
756 3573 784 3625 iu
798 3572 851 3625 alia
866 3570 993 3653 eiusmodi
1007 3571 1104 3624 t'abula.
1120 3570 1200 3623 simili
1210 3587 1313 3637 quoque

205 3662 290 3728 modo,
313 3669 344 3716 ut
366 3663 416 3716 hcc
439 3663 543 3727 addam,
570 3663 597 3715 in
621 3662 757 3730 Sophoclis
774 3661 918 3725 Alcestide,
943 3691 976 3698 -
995 3660 1017 3712 si
1036 3659 1093 3713 veri
1120 3659 1220 3726 aliquid
1242 3659 1314 3726 inest

205 3751 343 3807 Welckeri
370 3752 590 3805 hariolationibus
618 3752 710 3819 (Trag.
739 3750 832 3803 Graec.
860 3767 885 3817 p.
914 3751 965 3800 344
992 3750 1051 3816 sn),
1080 3748 1199 3814 quatrivis
1226 3747 1313 3800 omnia

204 3840 308 3894 incerta
326 3840 381 3894 sint
400 3873 432 3880 -
452 3842 610 3894 admonetur
628 3839 724 3906 aliquis
743 3839 897 3906 (Apollc‘l‘2)
916 3855 949 3892 ue
968 3838 996 3891 iu
1010 3837 1072 3891 Orci
1086 3837 1227 3906 caliginem
1241 3837 1312 3889 ultro

206 3944 234 3983 se
252 3931 400 4000 demergat.
420 3930 453 3984 cf.
474 3929 551 3997 Soph.
571 3931 623 3998 frg.
642 3929 693 3983 inc.
712 3931 763 3981 868

417 4019 450 4072 A.
469 4014 575 4071 θανόντι
593 4020 673 4086 κείνῳ
692 4019 830 4072 συνθανεῖν
848 4017 915 4083 ἔρως
933 4016 1014 4082 μ’ἔχει

420 4109 450 4161 Β.
469 4111 549 4176 ἥξεις,
568 4107 670 4174 ἐπείγου
688 4106 779 4175 μηδὲν,
798 4107 833 4164 εἰς
853 4106 880 4157 τὸ
898 4107 1034 4171 μόρσιμον.

207 4203 235 4251 et
252 4196 315 4251 ibid.
331 4200 382 4250 699
400 4198 466 4264 πρὸς
481 4199 506 4249 δ’
515 4197 570 4249 οἷον
579 4200 650 4264 ἥξεις
660 4198 761 4262 δαίμον’
773 4197 809 4253 ὡς
821 4196 921 4263 [ἔρωτα
931 4194 1006 4248 codd.
1017 4193 1149 4260 ἐρώμενον
1160 4191 1311 4260 Weleker.]
1350 4264 1352 4269 Ι

400 4288 428 4346 ὃς
447 4288 506 4340 οὔτε
525 4284 667 4345 τούπιεικὲς
686 4306 712 4338 κ.
731 4306 751 4336 ι.
771 4285 793 4338 λ.
