3052 4882
208 324 255 397 66

206 534 340 620 referat,
374 536 473 600 etiam
505 536 538 601 in
571 555 608 600 eo
639 528 722 616 quod
756 537 879 601 Seneca
916 526 995 602 duos
1031 527 1196 620 Thyestae
1232 526 1316 602 filios

207 641 332 723 pariter
363 642 517 725 nominat,
555 663 630 708 nam
659 643 758 707 tertio
787 648 824 707 ut
859 662 958 724 puero
991 648 1078 708 muto
1108 662 1223 708 nomen
1251 663 1316 708 non

206 745 380 831 imponit.¹)
428 747 468 812 cf.
501 767 639 813 scaenae
662 748 757 812 inscr.
783 749 825 812 ad
847 768 878 814 v.
903 753 969 813 404
992 752 1025 812 01
1056 768 1087 814 v.
1118 748 1206 830 ipsos
1237 754 1315 831 718;

210 857 286 934 726;
304 858 376 916 731.
393 852 469 932 quid
483 852 592 935 igitur,
608 853 722 934 inquis,
740 853 779 917 de
794 857 928 917 auctore
943 854 1081 918 censes?
1101 853 1316 919 recentiorem

207 963 337 1039 poetam
367 959 526 1024 Graecum
557 959 657 1024 fuisse
687 959 741 1039 qui
771 959 915 1025 fabulam
945 959 1122 1026 mutaverit
1144 979 1236 1025 nemo
1267 963 1318 1025 est

209 1063 284 1143 quin
306 1064 487 1147 intellegat,
518 1065 675 1145 siquidem
698 1067 859 1130 Rohertus
884 1070 917 1130 et
940 1065 1210 1132 Wilamowitnius
1238 1065 1319 1130 nihil

209 1190 229 1235 a
252 1171 357 1252 poetis
380 1172 509 1237 Latinis
532 1173 704 1255 genuinum
727 1173 890 1255 Hyginum
918 1176 1100 1238 mutuatum
1125 1192 1196 1238 0000
1228 1177 1319 1238 recte

211 1281 408 1342 statuerunt.

312 1383 362 1446 De
378 1382 501 1448 Seneca
518 1402 595 1450 vero
616 1384 700 1463 quod
719 1383 888 1449 additurus
907 1403 976 1448 sum
990 1403 1106 1451 vereor
1125 1403 1166 1449 ne
1185 1383 1321 1449 nimium

210 1507 260 1553 me
282 1488 403 1556 vidisse
426 1495 530 1571 putes
570 1490 656 1555 subit
685 1490 768 1554 enim
792 1490 931 1554 animum
955 1490 1122 1573 cogitatio,
1147 1491 1321 1556 secundum

210 1593 383 1677 Varium,
400 1594 488 1659 cuius
503 1596 662 1677 Thyestes
678 1595 877 1660 nobilissima
890 1595 1001 1659 fabula
1016 1597 1057 1659 ah
1073 1615 1110 1660 eo
1124 1615 1188 1660 non
1201 1595 1321 1677 respici

211 1719 274 1764 non
297 1700 411 1782 potuit,
444 1700 598 1766 Senecam
621 1701 709 1765 illam
733 1701 863 1766 fabulae
886 1701 1021 1766 formam
1045 1701 1107 1767 sihi
1131 1701 1320 1768 adscivisse.

211 1808 331 1873 Atreus
355 1809 439 1873 enim
457 1809 662 1891 Annaeanus,
687 1814 723 1874 ut
741 1809 885 1876 breviter
903 1814 1060 1890 repetam,
1085 1810 1192 1875 subito
1212 1809 1321 1876 furere

212 1914 318 1995 coepit
354 1919 389 1978 et
423 1913 558 1979 fratrem
595 1916 761 1980 absentem
793 1915 904 1979 ulcisci
937 1914 1027 1995 cupit
1055 1935 1118 1980 non
1152 1915 1249 1980 aliam
1281 1917 1322 1980 ob

214 2039 352 2102 causam,
387 2040 479 2100 quam
512 2040 552 2085 ne
583 2021 647 2086 ullo
677 2021 770 2085 modo
801 2023 842 2086 ah
869 2021 924 2085 illo
953 2020 1058 2102 possit
1080 2021 1320 2103 praeoccupari.

212 2130 247 2191 01
261 2125 405 2206 quamvis
420 2145 542 2191 summa
561 2126 659 2190 animi
678 2127 711 2191 10
729 2127 974 2208 perturbatione
992 2132 1150 2209 versetur,
1175 2131 1323 2192 attamen

213 2252 307 2312 quam
331 2233 485 2314 consulte,
515 2253 608 2312 quam
632 2234 740 2298 dolose
765 2233 944 2313 callideque
967 2234 1094 2299 1001000
1117 2234 1322 2316 persequitur

212 2338 391 2421 indignum!
434 2337 586 2403 irascitur
622 2339 750 2419 quidem
786 2339 906 2403 Atreus
948 2339 980 2404 in
1018 2339 1161 2420 antiquis
1198 2358 1322 2419 quoque

214 2443 402 2526 tragoediis
435 2443 492 2508 sed
515 2463 578 2508 non
601 2445 697 2526 plane
722 2444 790 2509 sine
815 2463 928 2509 causa:
959 2450 1128 2526 postquam
1153 2445 1237 2510 enim
1261 2444 1324 2530 sibi

214 2548 378 2631 persuasit
407 2548 477 2613 fore
506 2553 543 2614 ut
566 2550 725 2632 Thyestes
757 2569 792 2614 se
816 2549 1037 2631 aggrediatur,
1071 2550 1175 2615 iratus
1207 2549 1323 2615 ultioni

214 2655 350 2720 indulsit
368 2674 450 2734 quae
470 2656 589 2720 collata
612 2675 682 2720 cum
704 2675 809 2737 poena
831 2656 865 2719 in
883 2655 1062 2721 Annaeana
1086 2656 1198 2722 fabula
1220 2656 1325 2721 minus

216 2760 355 2826 crudelis
387 2765 447 2825 001.
494 2762 579 2842 apud
602 2760 736 2826 Varium
767 2780 845 2826 vero
877 2761 1013 2826 Atreum
1045 2761 1195 2827 similiter
1226 2765 1325 2842 atque

216 2868 302 2950 apud
326 2867 481 2932 Senecam
508 2872 666 2932 moratum
697 2867 798 2932 fuisse
822 2867 927 2950 magis
951 2869 1056 2933 sentio
1081 2888 1175 2948 quam
1199 2868 1326 2933 demon·

217 2978 323 3040 strare
354 2992 492 3055 possum,
525 2974 674 3054 quoniam
705 2974 738 3038 id
770 2975 863 3038 modo
896 2974 962 3038 scio
995 2994 1111 3040 novum
1133 2974 1325 3058 tragoediae

217 3100 318 3164 genus
345 3080 379 3144 in
403 3080 577 3145 animorum
602 3081 818 3146 concitatione
843 3080 1057 3164 depingenda,
1083 3101 1146 3161 qua
1169 3100 1270 3148 saeva
1292 3086 1327 3145 et

217 3186 369 3251 immania
402 3186 556 3268 oriuntur,
588 3186 667 3251 data
697 3206 795 3268 opera
825 3191 990 3253 versatum
1028 3206 1108 3252 esse.
1156 3191 1253 3267 atque
1286 3205 1327 3252 ex

218 3313 279 3358 uno
312 3293 440 3372 quidem
466 3291 648 3375 fragmento
681 3294 764 3372 quod
787 3292 880 3357 Varii
913 3312 984 3358 esse
1014 3293 1157 3358 affirmat
1180 3292 1328 3376 Quintili·

219 3419 298 3464 anus
329 3399 388 3480 III,
422 3405 451 3479 8,
480 3403 521 3462 45
547 3397 655 3484 (neque
684 3403 765 3463 00110
797 3403 960 3486 qaisquam
992 3409 1033 3465 001
1061 3408 1125 3464 lom
1154 3403 1264 3484 010100,
1294 3409 1328 3466 ot

220 3511 318 3573 cidari
348 3510 423 3572 oelil.
455 3510 497 3572 010
531 3508 667 3572 Catilina
694 3511 780 3593 opud
813 3509 993 3593 Sallustium
1025 3511 1168 3594 loquitor,
1199 3517 1233 3574 111
1263 3531 1328 3573 rem

221 3616 457 3679 scelestissimam
480 3635 541 3676 noa
562 3615 693 3697 molitio,
718 3617 770 3678 scrl
792 3616 1004 3699 indignatione
1032 3616 1173 3679 0101001ον
1200 3616 1329 3680 audere:

222 3723 265 3784 010
295 3721 409 3784 Atreus
440 3721 526 3803 apud
564 3720 695 3783 Varium
728 3717 803 3784 ‘idm
832 3722 914 3803 fero,
946 3721 1060 3805 inquil,
1092 3721 1327 3803 infandissima,

330 3909 351 3977 ¹)
370 3914 427 3962 tres
444 3907 513 3962 filios
538 3907 619 3962 etiam
642 3909 712 3976 apud
737 3908 892 3975 Sophoclem
916 3908 999 3963 101000
1024 3909 1071 3962 sed
1095 3913 1204 3963 vocatos
1226 3908 1329 3978 idylcdr

221 3997 378 4067 Ὀρχομενὸν
397 3996 442 4048 καὶ
461 3997 561 4049 Κάλεον
578 4001 696 4050 testatur
715 3996 832 4050 scholion
851 3997 879 4050 in
896 3997 960 4050 Eur.
981 3997 1068 4051 Orest.
1086 4014 1111 4052 v.
1131 4000 1191 4051 812.
1210 4004 1329 4052 ceterum

225 4092 331 4141 constat
353 4087 469 4139 Graecos
494 4085 611 4153 tragicos
633 4085 723 4152 pueris
746 4085 882 4151 servisque
900 4085 1006 4138 nomina
1027 4101 1080 4138 non
1099 4085 1211 4139 dedisse.
1247 4085 1330 4139 nomi-

225 4181 324 4230 nantur
346 4174 387 4227 illi
412 4173 440 4227 in
465 4173 638 4242 argumentis,
668 4174 739 4226 unde
770 4173 868 4226 notitia
894 4174 922 4226 in
950 4173 1053 4242 Hygini
1084 4174 1188 4227 fabulas
1216 4173 1329 4227 venerit.

227 4261 469 4318 cf.Wila1nowitz.
505 4261 582 4315 Anal.
602 4262 666 4315 Eur.
684 4278 709 4329 p.
731 4263 780 4314 185
799 4277 837 4328 sq.
