3052 4882
1265 322 1312 392 71

208 524 373 613 comperit.
407 536 581 614 praeterea
605 552 622 597 e
646 532 745 597 schol.
771 529 813 597 ad
835 532 914 597 Eur.
939 526 994 597 Or,
1018 552 1049 598 v.
1074 536 1138 597 812
1169 529 1321 595 discimus

206 639 341 703 Atreum
361 638 513 721 Aeropen
535 639 569 704 in
588 658 677 704 mare
696 639 942 720 praecipitasse.
968 638 1105 719 denique
1124 637 1186 702 duo
1206 640 1322 701 extant

205 745 331 810 incerta
354 745 540 828 fragmenta
564 765 646 825 quae
664 746 767 811 Atreo
790 745 921 811 tabulae
940 745 1122 811 addicenda
1141 763 1213 810 esse
1235 762 1267 810 u.
1289 743 1319 806 d.

207 850 423 933 coniecerunt,
462 850 630 932 Sophoclis
663 851 733 915 dico
765 850 828 933 frg.
863 856 925 914 668
960 849 1016 934 (ad
1039 850 1128 932 prius
1152 848 1320 931 pertinens

206 956 387 1039 prodigium
420 976 480 1036 quo
504 957 624 1022 Atreus
656 976 790 1039 regnum
821 956 1040 1038 recuperavit,
1079 955 1163 1036 quod
1196 955 1321 1020 Seneca

206 1063 333 1128 omnino
356 1083 421 1128 non
443 1063 603 1150 respexit)
628 1069 661 1128 et
685 1063 825 1130 eiusdem
849 1063 911 1128 inc.
931 1063 994 1145 frg.
1019 1070 1082 1128 806
1108 1062 1321 1130 aWelckero

207 1169 262 1233 Tr.
287 1168 343 1234 Gr.
368 1189 398 1250 p.
425 1174 488 1234 362
512 1170 574 1234 huc
596 1170 746 1234 relatum.

312 1292 415 1358 Multo
433 1312 512 1359 vero
531 1292 685 1358 maiorem
703 1294 860 1358 habemus
882 1311 1047 1358 numerum
1065 1291 1322 1375 fragmentorum

206 1397 419 1464 Accianorum
457 1418 527 1464 cum
559 1399 672 1479 quibus
706 1399 860 1464 Senecam
893 1397 1131 1480 conspirantem
1160 1397 1318 1464 videmus.

203 1503 345 1569 maxima
368 1504 463 1587 enim,
491 1510 529 1569 ut
553 1507 594 1570 ab
624 1506 686 1569 hac
710 1504 883 1586 ordiamur,
914 1503 948 1569 in
978 1523 1015 1569 eo
1044 1503 1188 1569 cernitur
1211 1503 1320 1568 simili-

205 1609 282 1672 tudo
324 1609 408 1688 quod
449 1609 570 1674 Atreus
611 1608 773 1674 meditans
814 1608 848 1672 in
893 1607 1031 1674 fratrem
1071 1627 1208 1690 poenam
1249 1626 1319 1674 curn

206 1715 349 1780 satellite
382 1717 469 1798 apud
500 1717 727 1798 Senecam,
767 1716 853 1797 apud
884 1716 1060 1781 Accium
1093 1735 1163 1781 cum
1192 1715 1320 1781 homine

206 1821 315 1886 nescio
340 1841 400 1901 quo
423 1822 578 1887 familiari
601 1823 688 1887 mala
711 1840 771 1887 sua
794 1821 930 1887 consilia
954 1821 1177 1888 communicat.
1223 1840 1319 1902 quam

206 1944 356 1990 scaenam
380 1947 400 1992 a
425 1927 582 2008 Sophocle
605 1926 789 2009 praebitam
812 1945 885 1993 esse
912 1932 950 1992 ut
982 1946 1204 1994 asseveremus
1227 1927 1319 1993 Accii

205 2031 361 2112 reliquiae
385 2033 476 2098 nobis
500 2031 679 2120 suadent¹>
704 2037 739 2099 et
757 2032 883 2098 Seneca
905 2033 1071 2098 meliorem
1095 2038 1183 2098 certe
1208 2053 1321 2116 oppor-

204 2138 379 2203 tunitatem
411 2139 555 2204 nancisci
584 2139 731 2220 nequivit
760 2144 798 2204 ut
820 2158 908 2204 more
941 2158 998 2204 suo
1020 2141 1191 2205 verbosam
1215 2140 1320 2205 decla-

204 2245 379 2310 mationem
411 2245 580 2310 insereret.
627 2265 668 2311 en
704 2247 805 2311 habes
842 2249 1016 2328 tyrannum
1052 2265 1152 2312 saevo
1188 2245 1317 2328 ingenio

206 2351 300 2430 aequi
327 2351 561 2433 impatientem,
596 2353 821 2432 obloquentem
854 2351 994 2432 aliquem
1017 2356 1051 2417 et
1073 2352 1153 2418 iuris
1171 2352 1318 2434 pietatis-

206 2476 267 2537 que
285 2461 478 2539 monentem,
497 2462 668 2538 utrumque
687 2459 721 2522 in
735 2457 932 2523 contrariam
951 2463 1078 2540 partem
1093 2459 1316 2525 disserentem.

206 2583 288 2643 quae
321 2582 391 2628 cum
423 2563 472 2628 ita
495 2563 562 2629 sint
584 2565 705 2631 similes
729 2565 910 2630 sententias
934 2585 954 2630 a
978 2565 1100 2631 duobus
1123 2565 1188 2631 illis
1211 2565 1317 2646 poetis

205 2669 358 2735 Romanis
383 2671 517 2735 eundem
540 2671 644 2736 locum
668 2671 922 2752 exprimentibus
953 2671 986 2736 in
1009 2671 1149 2737 medinm
1171 2673 1318 2753 prolatas

206 2794 277 2841 esse
310 2795 366 2841 cur
396 2775 549 2842 miremur
573 2796 671 2844 causa
698 2783 846 2844 nonest.
893 2779 951 2843 sed
973 2782 1011 2842 ut
1032 2778 1103 2860 ipse
1126 2778 1215 2845 feras
1237 2779 1316 2845 iudi·

205 2882 298 2963 cium,
322 2901 431 2947 omnes
453 2900 568 2949 versus
590 2883 656 2948 ianr
679 2904 699 2949 a
722 2883 901 2949 Ribbeckio
925 2888 1139 2967 comparatos
1170 2886 1316 2965 quamvis

204 2988 318 3069 pigeat
333 2990 479 3054 chartam
493 2989 543 3054 ita
556 2990 704 3070 perdere,
721 2989 891 3071 adponam.
906 2991 983 3055 Acc.
999 2989 1062 3072 frg.
1079 2996 1108 3056 3.
1123 3010 1155 3058 u.
1173 2997 1236 3056 198
1251 3011 1314 3072 sq:

261 3111 334 3176 Atr.
364 3114 481 3178 Iterum
511 3114 647 3200 tmpestas
670 3116 800 3179 Atreum
823 3117 1032 3180 adtractatum
1056 3117 1187 3200 aduenit,

364 3222 474 3285 iterum
496 3222 561 3283 iam
585 3222 767 3305 adpreditur
788 3243 835 3284 me
858 3229 886 3285 et
909 3223 1042 3306 quietum
1064 3224 1244 3287 exsuscitat:
1309 3251 1311 3254 ⁴

363 3328 464 3391 maior
486 3328 563 3390 midi
584 3329 685 3411 moles,
708 3330 811 3392 maim
834 3329 1050 3392 miscendumst
1071 3329 1199 3412 maium,

364 3435 417 3518 qui
439 3435 522 3497 iilius
545 3434 688 3498 acerbum
711 3455 762 3498 eor
784 3437 970 3498 domandam
992 3442 1021 3498 et
1042 3435 1252 3518 comprimam.

206 3557 436 3633 componuntur
459 3572 529 3618 cum
553 3553 626 3618 Seu.
650 3573 681 3620 v.
707 3559 785 3619 192:

364 3682 428 3745 ape,
452 3663 563 3746 amirae,
587 3664 640 3745 fac
663 3664 743 3747 quod
765 3664 853 3727 uuila
870 3663 1034 3746 posteritas
1050 3664 1167 3748 prodet,

363 3769 415 3830 sed
437 3769 525 3833 uuila
548 3776 653 3832 taceat.
700 3770 826 3854 aliquod
849 3771 1027 3835 audendum
1054 3777 1095 3834 est
1117 3770 1208 3852 aetas

363 3881 460 3958 atror,
484 3882 652 3959 oracutum,
676 3876 735 3938 tate
757 3877 838 3961 quod
857 3876 961 3958 frater
983 3897 1066 3941 rueus

361 4001 453 4045 suam
475 4001 534 4044 esse
551 3982 654 4045 maliet
677 4017 717 4026 -

312 4256 333 4326 ¹)
351 4257 461 4313 Accium
479 4275 538 4314 eam
556 4277 605 4315 suo
621 4263 710 4317 Marte
727 4263 836 4318 finxisse
852 4264 898 4318 rix
915 4263 1054 4332 quisquam
1071 4263 1225 4318 conmutat
