3052 4882
1268 319 1317 386 45

212 525 369 609 Aegistho
402 525 541 591 maiores
572 531 700 608 partes„
718 524 813 610 (quas
842 525 906 591 iam
930 526 1023 608 epica
1045 508 1136 592 musa
1159 525 1189 590 ei
1213 524 1317 611 dedit)

208 631 354 700 vindicat
372 632 442 715 ipse
465 632 590 698 titulus.
635 634 790 697 hahemus
815 632 890 697 dein
918 633 979 697 duo
1003 632 1066 714 frg.
1091 630 1124 717 (1
1150 635 1185 696 et
1208 631 1242 717 2)
1266 652 1318 697 ex-

208 739 332 805 ordium
374 738 574 804 continentia
614 738 782 822 longioriS,
828 742 865 804 ut
905 738 1049 820 videtm‚
1092 737 1318 820 descriptionis

207 845 334 910 itineris
375 845 658 927 tempestatisque,
706 864 777 911 cum
818 845 931 925 quibus
973 845 1097 910 Seneca
1138 844 1317 928 consentit;

207 956 323 1018 narrat
344 972 440 1034 porro
465 951 582 1031 aliquis
606 951 646 1016 de
670 951 817 1018 convivio
842 956 875 1016 et
897 950 1138 1034 Agamemnone
1161 951 1318 1016 moriente

209 1057 286 1144 (frg.
320 1064 339 1122 6
370 1063 405 1124 et
436 1057 478 1143 7).
532 1058 621 1123 cuius
659 1059 786 1138 quidem
825 1057 892 1124 sint
930 1058 964 1122 in
1001 1057 1096 1123 dubio
1137 1057 1318 1137 relinquere

209 1165 370 1249 dehemus,
403 1164 544 1230 fortasse
576 1165 790 1247 Cassandrae,
823 1169 860 1230 ut
882 1163 1028 1246 plerique
1051 1163 1209 1247 suspicati
1232 1168 1316 1230 sunt.

208 1271 345 1352 denique
373 1271 501 1337 accedit
529 1270 707 1355 Aegisthus
736 1272 898 1353 imperans
928 1275 965 1336 ut
991 1271 1084 1353 virgo
1117 1271 1275 1351 quaedam
1299 1290 1319 1336 a
1400 1301 1402 1306 ·

208 1379 327 1460 templo
358 1378 546 1460 deducatur,
580 1377 642 1461 frg.
673 1384 693 1442 8
725 1378 809 1457 quod
840 1377 1038 1444 Ribbeckius
1069 1379 1123 1442 Tr.
1147 1378 1187 1442 R.
1219 1399 1251 1461 p.
1276 1384 1318 1442 30

208 1484 255 1549 sic
278 1484 423 1550 exhibet:

367 1613 442 1696 quio
466 1613 547 1696 qaod
563 1632 677 1696 parere
698 1633 766 1675 mea
788 1632 839 1675 oos
862 1612 1007 1674 molestos
1024 1617 1134 1695 procat

366 1719 457 1794 [cito]
480 1719 614 1781 toleratis
637 1719 800 1802 ιοιιιρίοοιιο
822 1718 901 1781 hooc
924 1716 1097 1783 deducitis?

208 1857 291 1918 quae
332 1838 376 1904 sit
416 1839 473 1904 illa
514 1839 577 1904 etsi
619 1838 752 1903 disertis
786 1839 896 1905 verbis
932 1858 995 1903 uon
1032 1837 1165 1921 dicitur,
1207 1844 1318 1905 tamen

208 1946 412 2011 Duentzerus
444 1950 478 2010 et
506 1945 704 2011 Ribbeckius
737 1946 887 2012 dubitare
918 1965 981 2010 non
1019 1945 1211 2011 debuerunt:
1249 1946 1319 2010 sola

208 2052 343 2118 Electra
379 2071 451 2117 esse
491 2056 614 2134 potest,
656 2051 782 2117 namsi
812 2052 1009 2117 satellitibus
1036 2056 1073 2117 ut
1103 2051 1318 2116 Cassandram

209 2177 335 2225 servam
360 2158 486 2224 seilicet
504 2159 703 2224 abducerent
722 2159 917 2239 imperasset
934 2158 1121 2241 Aegisthus
1147 2162 1235 2223 certe
1254 2177 1318 2222 non

209 2271 282 2330 erat
311 2285 368 2330 cur
399 2269 467 2330 tam
497 2265 644 2347 graviter
672 2285 727 2330 eos
759 2269 857 2344 atque
890 2284 1002 2332 severe
1026 2264 1209 2329 maiestatis
1239 2283 1317 2329 suae

209 2372 416 2437 admoneret:
461 2371 615 2454 regiae
656 2391 733 2438 vero
774 2370 908 2435 filiae
954 2374 1221 2436 cunctanter
1262 2389 1318 2435 eos

208 2498 321 2544 manus
356 2477 505 2543 iniecisse
541 2478 613 2543 luce
651 2483 702 2543 est
739 2477 866 2543 clarius.
927 2477 1073 2557 sequitur
1113 2477 1214 2560 igitur
1249 2497 1318 2542 rem

209 2589 430 2666 comparatam
461 2583 562 2649 fuisse
586 2585 697 2649 eodem
720 2582 790 2650 fere
820 2583 912 2648 modo
937 2602 1029 2663 quem
1058 2582 1164 2649 exitus
1187 2583 1318 2650 fabulae

208 2691 407 2757 Annaeanae
430 2691 593 2756 inlustrat.

313 2816 363 2881 Dc
385 2815 478 2880 Accii
501 2815 718 2880 (llutemestra
745 2816 827 2880 haec
850 2813 1006 2879 affirmari
1029 2818 1173 2895 possunt.
1220 2833 1316 2878 unum

208 2921 424 3005 fragmentum
448 2920 497 3007 (5)
521 2922 665 2987 ostendit
687 2922 721 2986 in
744 2921 951 3003 tempestatis
969 2917 1186 3005 narratione¹)
1205 2919 1317 2985 Aiacis

209 3048 333 3109 quoque
355 3028 528 3094 Locrensis
551 3028 718 3093 interitum
750 3031 928 3093 tractatum
951 3026 1051 3092 fuisse
1080 3045 1172 3106 quem
1196 3026 1318 3090 omittit

208 3134 397 3219 Aeschylus,
422 3134 547 3200 Seneca
570 3135 702 3199 exhibet
732 3134 776 3219 (v.
802 3141 865 3199 528
890 3132 962 3218 sq.).
994 3131 1097 3216 efrg.
1124 3138 1164 3197 10
1188 3142 1317 3198 matrem

208 3245 243 3308 oo
265 3246 333 3309 iure
363 3245 484 3326 factum
516 3243 636 3326 taedas,
667 3245 830 3328 penitorum
853 3243 1004 3306 iniustum
1027 3241 1190 3325 adprobem,
1223 3241 1319 3320 patet

209 3347 500 3431 Clytaemnestram
524 3350 558 3412 ct
588 3347 755 3412 Electram
787 3345 924 3412 invicem
957 3363 992 3410 se
1024 3344 1230 3427 increpuisse.
1260 3343 1316 3429 (ef.

208 3453 305 3536 Soph.
328 3454 380 3518 El.
406 3461 488 3519 287:
525 3456 600 3536 αὕτη
625 3453 683 3536 γὰρ
711 3455 730 3536 ἡ
754 3453 868 3534 λόγοισι
890 3454 1009 3534 γενναία
1034 3452 1108 3533 γυνὴ
1131 3450 1144 3536 l
1166 3458 1317 3534 φωνοῦσα

206 3562 301 3625 τοιάδ’
316 3561 484 3634 ἐξονειδίζει
497 3562 596 3623 κακά·
616 3558 644 3623 ὦ
659 3561 792 3623 δύσθεον
809 3561 937 3642 μίσημα,
960 3559 1007 3622 οοὶ
1023 3559 1105 3640 μόνῃ
1124 3558 1224 3641 πατὴρ
1241 3558 1254 3643 s
1270 3560 1316 3621 τέ-

206 3669 330 3750 θνηκεν,
352 3668 443 3737 ἄλλος
466 3667 494 3730 δ’
519 3669 599 3736 οὔτις
621 3668 653 3729 ἓν
675 3667 781 3729 achaia
801 3667 944 3751 βροιῶν;
966 3670 1074 3735 κακῶς
1092 3665 1176 3728 ὄλοιο
1198 3690 1227 3728 κ.
1240 3688 1263 3726 τ.
1277 3663 1316 3749 l.)

207 3792 290 3854 quae
304 3772 433 3853 quidem
447 3771 669 3838 controversia
683 3771 838 3851 quomodo
853 3771 988 3836 desierit
1005 3771 1101 3852 plane
1119 3769 1315 3853 ignoramus,

206 3899 271 3945 non
293 3885 403 3945 tamen
426 3878 496 3944 sine
513 3879 585 3945 veri
608 3878 746 3958 quadam
769 3877 877 3959 specie
901 3881 952 3942 est
974 3876 1110 3941 similem
1129 3875 1198 3942 eius
1218 3880 1315 3956 atque

208 3988 295 4071 apud
317 3986 446 4054 Livium
478 3990 514 4051 et
537 3985 694 4051 Senecam
725 3984 820 4050 finem
851 3982 973 4049 factum
1005 4001 1093 4065 esse;
1124 4001 1315 4062 quamquam

208 4095 307 4160 etiam
339 4093 427 4159 aliud
457 4091 637 4176 excogitari
668 4096 787 4174 potest.
832 4090 943 4170 itaque
974 4090 1034 4154 hoc
1057 4091 1184 4152 tantum
1213 4088 1317 4168 liquet

317 4270 336 4339 ¹)
356 4287 389 4324 ex
407 4271 457 4323 hac
476 4276 539 4322 suut
556 4269 609 4336 frg.
628 4270 644 4320 3
663 4274 692 4321 et
708 4269 734 4320 4.
