3052 4882
207 281 255 356 64

206 490 310 578 (anth.
341 490 413 557 Pal.
437 486 497 573 IX,
521 484 588 576 98),
626 491 710 569 quod
740 487 828 556 viros
865 490 976 554 doctos
1012 488 1066 569 qui
1101 489 1163 553 hac
1199 488 1239 555 de
1275 502 1312 553 re

207 603 345 681 egerunt
367 597 489 680 fugisse
513 597 627 662 miror:

255 703 416 775 Οἷὸίττοόες
439 705 536 768 ὂιοοοί
557 728 590 767 σε
611 704 664 766 καὶ
681 702 829 784 Ἠλέκτρη
852 702 1024 784 βαρύμηνις

335 811 387 874 καὶ
410 812 539 881 δείπνοις
561 810 679 879 ἐλαθεὶς
697 810 817 890 Ἀτρέος
834 808 953 878 Ἠέλιος

252 918 327 980 dlta
349 941 380 980 τε
401 917 639 989 πουλυπαῦέοσι,
661 916 846 998 Σοφόκλεες,
869 916 950 998 ἀμφὶ
972 916 1128 997 τυράννοις
1149 940 1178 978 κ.
1191 940 1213 977 τ.
1227 915 1252 978 λ.

209 1023 348 1089 secundo
389 1041 486 1089 versu
534 1021 632 1087 etiam
672 1021 791 1087 Leonis
836 1020 999 1086 sententia
1053 1040 1147 1100 quam
1202 1023 1315 1086 contra

209 1129 416 1196 Welckerum
439 1128 574 1209 protulit
598 1127 642 1214 (p.
669 1127 745 1212 173)
775 1127 901 1192 scilicet
924 1129 1023 1192 solem
1045 1131 1119 1209 post
1147 1132 1315 1209 peractum

210 1236 335 1301 facinus
357 1235 421 1300 iter
443 1239 625 1301 vertentem
648 1254 668 1300 a
690 1233 880 1317 tragoediae
904 1233 1102 1315 principibus
1125 1234 1159 1298 in
1185 1233 1315 1299 litteras

210 1343 376 1408 inductum
399 1360 470 1406 esse
494 1341 662 1408 evidenter
685 1341 899 1406 confirmatur.
924 1341 964 1405 ci.
988 1340 1064 1406 Acc.
1089 1340 1161 1404 Atr.
1185 1340 1247 1423 frg.
1274 1346 1314 1405 13

210 1469 241 1516 y.
267 1454 328 1514 223
360 1467 407 1528 sq.
454 1448 537 1527 quod
573 1467 645 1512 mea
680 1446 844 1512 sententia
881 1447 922 1511 ad
958 1445 1039 1511 nihil
1075 1447 1164 1514 aliud
1198 1446 1317 1512 referri

211 1558 321 1638 potest
343 1553 406 1619 nisi
430 1554 472 1618 ad
493 1554 676 1637 prodigium
698 1553 786 1618 illud.

316 1661 387 1725 Non
417 1664 490 1726 erat
519 1661 659 1726 alienum
688 1680 709 1725 a
737 1664 847 1725 nostro
877 1660 1042 1742 proposito
1065 1661 1150 1741 quod
1172 1661 1206 1725 in
1229 1663 1318 1726 ante-

213 1767 401 1833 cedentibus
430 1766 557 1849 longius
585 1767 763 1849 exspatiati
793 1767 833 1832 de
855 1767 960 1832 Ennio
983 1767 1145 1848 Accioque
1175 1767 1318 1849 disputa-

212 1874 326 1941 vimus.
371 1892 446 1939 nam
469 1873 497 1938 si
521 1874 561 1939 de
584 1893 693 1939 corum
716 1874 941 1956 Thyestaeet
964 1874 1059 1940 Atrei
1082 1874 1319 1956 exemplaribus

213 1984 303 2046 recto
333 1979 451 2045 iudicio
483 1979 612 2063 utimur,
644 1981 753 2062 paullo
783 1981 994 2047 confidentius
1024 1981 1166 2047 fabulam
1193 1981 1320 2047 Annae-

215 2107 310 2153 anam
334 2086 469 2170 aggredi
491 2087 584 2152 nobis
605 2087 705 2152 licere
728 2087 849 2169 opinor.
873 2087 1017 2153 ineamus
1036 2088 1137 2171 igitur
1156 2093 1321 2153 certarnen

216 2213 287 2259 eam
318 2193 405 2260 viam
436 2192 666 2276 ingredientes,
697 2199 735 2259 ut
765 2194 901 2276 primum
931 2195 1126 2276 explicemus
1150 2195 1263 2280 quibus
1286 2193 1321 2259 in

214 2301 311 2365 rebus
331 2299 454 2364 Seneca
477 2301 518 2364 ab
541 2299 682 2380 antiquis
705 2299 824 2366 fabulis
848 2300 986 2383 differat,
1011 2300 1127 2366 deinde
1149 2301 1184 2367 in
1207 2300 1321 2381 quibus

216 2426 287 2472 cum
309 2405 374 2470 illis
397 2411 564 2489 congruat.

320 2513 359 2576 In
376 2512 555 2594 Euripidea
573 2513 693 2594 tabula,
717 2513 836 2578 utiam
855 2514 1002 2597 diximus,
1027 2515 1187 2597 Thyestes
1206 2518 1321 2595 sponte

217 2637 277 2684 sua
307 2618 342 2682 in
370 2606 511 2698 patriam
541 2618 660 2704 venit)
691 2622 777 2684 mala
807 2621 941 2686 consilia
964 2621 1175 2703 perfecturus.
1223 2626 1323 2701 atque

127 2812 131 2819 ν
218 2726 406 2807 Sophoclem
430 2725 533 2790 simile
557 2724 708 2805 quiddam
731 2726 862 2793 finxisse
888 2767 927 2773 —
951 2727 1096 2808 quamvis
1120 2727 1248 2810 singula
1280 2727 1324 2792 ad

201 2822 317 2897 ¹aliam
356 2831 515 2896 rationem
556 2832 727 2915 direxerit,
770 2834 853 2899 sicut
892 2835 979 2899 haud
1020 2834 1116 2899 dubie
1158 2834 1325 2917 Thyesten

217 2957 395 3021 pannosum
434 2958 498 3003 non
537 2938 663 3003 induxit
701 2977 741 2984 -
779 2941 967 3006 concludere
1006 2940 1111 3022 possis
1151 2959 1192 3005 ex
1231 2939 1324 3004 Accii

217 3044 281 3128 frg.
306 3050 324 3108 3
348 3064 380 3111 V.
406 3049 485 3109 199:

306 3155 418 3217 iterum
442 3153 579 3237 Thyestes
601 3153 731 3218 Atreum
754 3157 957 3221 adtractatum
971 3158 1111 3239 'odoeott

306 3261 417 3325 iterum
439 3261 504 3322 dom
528 3261 710 3344 odyrodr'tor
731 3282 778 3324 me
800 3269 826 3325 et
849 3263 983 3345 quietum
1005 3263 1163 3326 exsuscitat
1191 3277 1218 3323 c.
1243 3278 1272 3338 q.
1297 3278 1323 3324 s.

214 3363 330 3444 itaque
371 3369 510 3446 apparet
551 3383 571 3428 a
612 3365 775 3448 Thyestae
816 3365 923 3430 reditu
970 3371 1138 3447 utramque
1180 3365 1324 3431 fabulam

218 3470 345 3535 initium
373 3469 506 3552 cepisse,
535 3471 610 3536 dein
632 3471 767 3537 Atreum
800 3472 840 3536 de
869 3471 981 3537 fratris
1004 3472 1130 3538 insidiis
1154 3470 1324 3537 certiorem

219 3576 341 3642 factum
362 3576 420 3641 illa
441 3596 545 3658 poena
569 3597 639 3643 eum
663 3577 793 3643 afficere
818 3579 1033 3644 constituisse.
1066 3582 1107 3645 ah
1129 3580 1190 3644 hoc
1212 3577 1324 3643 ordine

221 3683 375 3749 Senecam
398 3702 593 3766 magnopere
611 3684 764 3749 recedere
787 3690 897 3749 notum
920 3683 1010 3771 est.²)
1033 3685 1067 3749 in
1086 3684 1216 3751 exordio
1240 3684 1324 3749 enim

329 3877 349 3945 ¹)
374 3876 456 3930 etiam
482 3877 553 3945 apud
575 3877 736 3945 Aeschylum
759 3878 892 3945 Thyestes
915 3878 987 3932 ultro
1013 3894 1045 3932 cx
1069 3879 1147 3933 exilio
1173 3878 1263 3944 rediit,
1289 3878 1325 3932 of.

221 3982 246 4019 v.
267 3967 335 4018 1557
353 3982 400 4032 sq,
419 3965 464 4019 ubi
482 3965 628 4034 Aegisthus
646 3972 740 4021 narrat
757 3972 861 4034 patrem
879 3982 1016 4021 reversum
1034 3973 1065 4021 nt
1082 3969 1273 4036 προστρόπαιον
1290 3968 1326 4020 ad

221 4053 309 4108 focum
326 4054 484 4124 profugisse.
1127 4126 1130 4132 .

327 4143 349 4212 ἵ)
375 4144 408 4197 cf.
428 4144 607 4198 Sandstroem.
630 4144 648 4197 1.
667 4161 690 4197 c.
707 4161 733 4212 p.
753 4146 787 4197 86
805 4161 843 4211 sq.
875 4144 1012 4198 nominare
1035 4149 1141 4198 tantum
1159 4160 1220 4199 eum
1238 4143 1326 4198 debui.

221 4247 308 4300 neque
326 4232 397 4286 enim
414 4233 481 4286 satis
499 4238 624 4287 accurate
642 4233 670 4286 in
687 4238 774 4287 totam
791 4233 1096 4300 materiaminqnisivit
