3052 4882
1264 301 1310 366 75

205 502 311 562 totum
339 500 423 563 hunc
451 499 555 563 locum
586 499 706 564 redire·
723 499 766 563 ad
796 499 990 565 Ouidianum
1023 502 1063 566 de
1094 503 1147 584 lty
1169 508 1312 569 mactato

207 604 426 669 narrationem
445 605 652 685 Ribbeckius,
672 625 863 685 quamquam
881 607 951 689 ipse
970 627 1042 672 eam
1061 609 1225 692 adtulerit,
1250 630 1313 676 non

206 711 406 776 intellexisse
429 711 568 778 videtur.
596 711 685 776 illam
708 731 822 793 nempe
846 732 867 778 a
890 712 1013 780 Seneca
1036 721 1219 797 respectam
1242 735 1313 782 esse

207 823 303 900 patet
326 839 343 884 e
356 824 433 884 met.
448 820 495 884 VI
508 840 539 886 v.
557 824 635 884 645:
657 844 733 906 pars
747 825 819 887 6616
833 825 913 887 eoois
931 825 1078 888 6661161
1096 828 1202 890 nouis
1215 825 1313 911 spurs

205 929 602 992 666116661616661.
649 926 689 991 ef.
715 927 814 991 etiam
837 948 867 994 V.
893 934 975 993 6361
1007 952 1060 995 666
1089 953 1186 1016 ruore,
1218 936 1315 997 traxit

208 1034 289 1118 1166,
321 1036 412 1099 veluti
444 1035 611 1118 1166661166
643 1056 745 1098 666666
765 1032 777 1116 l
799 1037 960 1100 1661661616
991 1038 1108 1119 foetum
1134 1060 1192 1122 per
1222 1041 1313 1103 611666

206 1141 293 1223 116616
316 1161 435 1224 opacas.
461 1142 495 1202 et
515 1137 588 1202 Sen.
610 1144 689 1203 7071
717 1143 823 1205 161666
845 1143 927 1205 siluis
950 1145 1050 1227 qualis
1072 1145 1106 1207 16
1132 1145 1313 1230 (domesticis,

206 1249 288 1309 inter
310 1248 445 1310 16666666
468 1247 555 1329 tipum
578 1248 693 1309 erravit
716 1248 791 1310 6666
815 1263 842 1310 6.
868 1265 898 1324 q.
923 1264 947 1310 S.
995 1246 1113 1331 (totam
1141 1247 1314 1331 imaginem

206 1349 340 1431 repetiit
359 1369 377 1416 6
400 1354 477 1415 met.
497 1349 535 1430 V,
558 1355 621 1414 164
640 1349 718 1434 sq.);
743 1354 916 1431 praeterea
940 1351 1088 1417 conferas
1107 1352 1180 1418 Sen.
1201 1373 1232 1420 v.
1252 1359 1312 1418 56:

212 1459 380 1523 Thracium
403 1459 588 1542 16166166,Ι
611 1477 641 1522 v.
668 1463 748 1522 272:
772 1460 848 1522 66661
870 1460 1024 1540 infeodes
1047 1463 1153 1524 1161666
1181 1463 1313 1548 Odrysio

206 1587 333 1647 66666,-
351 1563 430 1628 116111
448 1583 479 1629 v.
501 1568 563 1627 260
583 1569 618 1628 et
636 1562 695 1629 Ov.
714 1568 792 1628 met.
811 1564 866 1646 VI,
888 1570 948 1629 617
969 1583 1015 1644 sq.
1036 1565 1198 1648 inspicias,
1218 1587 1313 1648 porro

207 1668 316 1736 Ovidii
339 1675 374 1735 et
397 1669 540 1736 Senecae
563 1689 677 1737 versus
701 1688 813 1735 cenam
837 1670 1066 1737 describentes.

312 1810 365 1875 Ad
389 1811 524 1876 eundem
546 1810 656 1876 Ovidii
678 1811 782 1874 locum
806 1809 850 1894 (v.
877 1810 954 1895 665)
979 1829 1013 1875 66
1037 1810 1218 1893 applicasse
1239 1813 1311 1878 Sen.

206 1919 321 2000 Agam.
354 1937 385 1983 v.
418 1922 458 1982 26
492 1917 546 2002 (cf.
578 1917 655 1981 Ace.
686 1915 749 1999 trg.
776 1916 831 2000 14)
864 1935 962 1998 supra
994 1919 1256 2001 commemoravi3
1295 1940 1312 1985 e

207 2025 352 2106 Thyesta
383 2025 445 2090 huc
477 2027 628 2104 spectant
650 2042 680 2089 v.
708 2028 806 2088 1090:
837 2027 864 2088 si
886 2033 972 2089 66166
989 2033 1083 2110 poter
1103 2025 1115 2108 l
1137 2027 1314 2092 66166666

206 2135 415 2215 6661166666
438 2140 566 2196 6616666
587 2133 661 2216 6616,
684 2129 697 2214 l
718 2153 768 2217 696
790 2153 858 2197 solon
881 2134 1073 2197 6661666666.

310 2257 394 2320 Dum
426 2256 587 2338 Thyestes
618 2254 718 2336 impia
751 2254 834 2336 dape
865 2254 948 2320 filios
984 2255 1133 2337 comedit,
1171 2257 1218 2320 sol
1249 2257 1313 2322 iter

136 2380 140 2387 ·
205 2362 307 2427 vertit
347 2364 518 2427 subsecuto
560 2360 642 2426 caeli
682 2360 819 2443 1611111111,
862 2380 923 2441 quo
965 2362 1079 2427 chorus
1119 2363 1314 2444 perterritus

206 2469 297 2534 canit
319 2468 394 2554 (frg.
422 2468 493 2554 13):

415 2596 468 2658 sed
491 2596 566 2678 quid
589 2596 704 2658 tonitru
726 2594 852 2656 1661166
875 2600 954 2656 torvo

417 2722 561 2765 66666666
584 2708 703 2786 repento
726 2721 861 2784 aequora
883 2700 959 2763 66611

416 2810 564 2872 sensimus
586 2806 715 2871 sonere?

206 2931 293 3012 apud
321 2929 477 2995 Senecam
507 2928 607 2993 etiam
639 2929 768 3008 chorus,
801 2932 972 3006 postquam
1003 2925 1058 2990 ille
1089 2927 1219 2993 nuntius
1249 2928 1313 2993 iam

206 3038 338 3102 ineunte
375 3040 458 3101 orat.
486 3055 517 3101 v.
552 3040 613 3098 637
654 3039 687 3098 61
720 3037 802 3097 extr.
833 3051 864 3098 v.
899 3038 961 3097 776
993 3052 1039 3112 sq.
1081 3033 1180 3099 solem
1213 3039 1314 3100 retro·

206 3143 342 3208 cessisse
365 3162 423 3208 nos
447 3140 564 3222 docuit,
590 3140 630 3204 de
653 3138 799 3221 prodigio
824 3138 913 3204 canit
935 3138 1009 3204 inde
1033 3158 1053 3203 a
1075 3159 1106 3206 v.
1129 3146 1189 3205 789
1214 3159 1313 3222 usque

207 3250 250 3314 ad
280 3254 354 3314 884.
401 3249 444 3313 ad
475 3245 652 3329 fragmenti
682 3249 790 3310 autem
819 3248 964 3310 tenorem
993 3246 1124 3328 propius
1156 3246 1314 3312 accedunt

206 3356 370 3437 Thyestae
389 3355 499 3420 verba.
524 3352 579 3418 ille
599 3351 773 3417 enimcum
795 3349 893 3416 fratri
915 3351 1040 3417 iubenti
1064 3371 1134 3417 eum
1152 3351 1314 3418 funestum

207 3461 338 3526 haurire
361 3461 518 3542 poculum,
553 3458 638 3539 quod
664 3455 821 3540 sanguine
852 3475 1023 3539 puerorum
1059 3457 1192 3524 mixtum
1229 3463 1312 3540 erat,

207 3570 417 3632 obsecuturus
439 3584 552 3630 manns
583 3583 699 3646 parere
722 3564 807 3628 nolle
839 3563 944 3628 subito
974 3563 1106 3647 sentiat,
1137 3565 1312 3630 exclamat:

206 3698 268 3757 985
282 3669 293 3757 :¹
426 3728 465 3737 -
490 3694 543 3756 sed
565 3690 1002 3776 66166661661661666666
1025 3724 1065 3735 -

206 3804 288 3864 9871
313 3802 454 3864 admotus
476 3800 551 3883 ipsis
572 3797 711 3862 Bocchus
734 3818 755 3859 6
777 3796 873 3858 labris
894 3797 976 3879 sopit
999 3830 1039 3840 -

205 3910 288 3970 990:
311 3909 362 3972 616
384 3907 459 3970 locet
481 3906 581 3989 ipoo's5
603 3904 666 3988 ipse
688 3904 764 3987 quia
787 3901 887 3966 661666
906 3903 1010 3987 procis

315 4013 496 4076 1616611166
519 4017 688 4093 66666666
710 4010 843 4073 desertus
865 4015 969 4093 stupet.

316 4116 684 4203 661616661666916
707 4116 1313 4200 6691666666666661161661

216 4273 220 4279 .
316 4245 496 4287 convexa
519 4224 648 4306 66616·
671 4239 698 4285 6.
723 4239 753 4299 q.
778 4239 803 4284 6.
