3052 4882
300 327 392 394 26.

298 530 353 616 (ef.
377 551 429 598 vv.
455 532 598 617 35-40)
630 539 665 597 et
697 535 737 597 ab
768 532 883 598 Ovidio
915 537 990 597 met.
1014 532 1097 597 XIII
1128 537 1190 597 441
1223 551 1281 624 sq„
1313 550 1407 612 quem

297 638 486 720 Euripidem
514 638 711 720 expressisse
735 643 878 704 constat:

455 747 503 810 la'c
524 747 630 829 sabito,
656 753 788 830 quantos
811 767 879 810 cum
901 748 1008 810 monet
1031 768 1090 811 esso
1111 745 1223 809 solebat

351 891 353 895 .
456 853 515 915 ecit
536 851 653 916 hamo
676 853 760 915 loto
781 859 928 936 rapto,
952 853 1119 936 similisque
1142 853 1258 914 minaci

456 961 600 1043 temporis
623 961 707 1023 illias
728 960 843 1022 cultum
866 959 1016 1041 referebat
1038 958 1169 1022 Achilles
1199 975 1246 1036 sq.

296 1063 510 1127 Annaeanum
529 1067 637 1128 autem
656 1065 759 1128 locum
778 1063 915 1128 contulit
928 1062 1125 1128 Ribbeckius
1140 1062 1209 1147 (Tr.
1224 1062 1263 1126 R.
1278 1083 1309 1144 p.
1325 1061 1404 1147 417)

298 1188 368 1233 cum
390 1170 467 1233 Ace.
492 1170 610 1234 Troad.
635 1169 697 1251 frg.
723 1177 742 1234 2
765 1155 796 1236 u.
821 1174 884 1233 479
909 1188 956 1250 sq.
1245 1160 1246 1163 '

457 1278 509 1341 sod
531 1285 636 1342 atrum
659 1284 797 1341 torroooo
819 1284 915 1341 motos
937 1279 1092 1342 sooltnsoe
1113 1278 1253 1359 Inferum

450 1386 586 1468 pervasit
609 1386 698 1448 ocris
721 1386 802 1448 inter
824 1386 938 1447 tonitru
961 1392 989 1448 ct
1011 1384 1169 1449 turbines?

298 1489 411 1568 quibus
440 1489 587 1557 versibus
619 1488 755 1554 Achillis
787 1489 992 1554 simulacrum
1028 1488 1061 1555 in
1094 1509 1213 1556 scaena
1245 1509 1406 1573 apparens

298 1595 480 1660 ostenditur
516 1594 643 1680 (videas
680 1615 804 1675 quoque
840 1595 901 1660 inc.
939 1596 1000 1661 inc.
1038 1594 1101 1679 frg.
1128 1585 1222 1663 381.
1250 1603 1289 1662 73
1314 1616 1406 1677 sq.a

297 1701 475 1768 Ribbeckio
494 1702 570 1768 Acc.
592 1702 773 1767 Troadibus
796 1708 886 1767 recte
910 1703 1065 1784 additum,
1090 1703 1130 1768 cf.
1154 1703 1222 1769 Leo
1240 1705 1262 1768 l.
1277 1702 1324 1789 1.).
1348 1703 1406 1768 hos

297 1826 410 1873 versus
444 1808 599 1873 Senecam
634 1808 796 1874 imitatum
832 1828 904 1874 esse
933 1828 1024 1874 nemo
1061 1810 1297 1890 pronuntiabit:
1330 1828 1405 1874 nam

297 1899 419 1980 terram
446 1916 569 1982 moveri
599 1922 848 1996 consentaneum
879 1922 943 1998 est;
976 1917 1010 1982 id
1041 1917 1125 2013 quod
1149 1917 1248 1983 etiam
1271 1917 1406 1985 Ouidius

298 2024 406 2107 tangit
448 2026 621 2112 secundum
663 2023 899 2111 Sophoclem¹);
940 2031 1031 2112 certo
1079 2032 1187 2092 autem
1234 2028 1276 2092 ad
1323 2028 1406 2091 hunc

296 2129 501 2195 referendum
530 2149 601 2196 esse
625 2131 843 2221 Calchantem,
869 2132 1000 2198 deorum
1023 2132 1244 2214 interpretem,
1272 2137 1365 2214 patet
1389 2152 1406 2197 e

298 2235 393 2317 Soph.
409 2234 471 2319 frg.
488 2241 527 2301 31
550 2241 584 2302 et
600 2237 676 2301 Ace.
691 2236 829 2320 Astyan.
844 2236 906 2320 frg.
922 2243 952 2302 5.
971 2237 1187 2304 transcribam
1205 2239 1266 2303 hoc
1284 2257 1323 2303 ea
1343 2258 1406 2318 qua

272 2427 273 2430 Ἴ
296 2363 316 2408 a
339 2343 517 2409 Ribbeckio
542 2345 677 2410 allatum
701 2350 752 2410 est
774 2345 878 2411 forma
901 2344 970 2436 (Tr.
994 2346 1034 2411 R.
1057 2367 1089 2428 p.
1113 2346 1206 2432 414);

339 2473 430 2536 abac,
458 2451 594 2538 Colobae,
618 2453 711 2536 finem
734 2455 916 2540 rellpioonra
938 2455 1000 2538 foc,
1029 2457 1136 2519 desine
1159 2457 1319 2518 coercitum

339 2554 459 2620 1111111111
480 2580 584 2643 meque
606 2560 645 2623 ob
668 2561 792 2623 domolo
814 2561 907 2624 itione
929 2581 1032 2624 oreore
1053 2567 1104 2623 too
1126 2561 1247 2624 obsceno
1271 2562 1377 2624 omitte.

296 2659 336 2726 ct.
363 2660 435 2727 Sen.
462 2668 523 2727 353
548 2682 595 2744 sq.

454 2778 487 2835 to
510 2773 564 2855 qai
586 2771 733 2856 Polospoo
754 2773 856 2836 macla
877 2774 990 2836 soluisti
1009 2774 1072 2835 rotc'

454 2898 615 2962 morasque
638 2878 729 2961 bellis,
754 2885 821 2941 orto
844 2879 898 2962 qui
920 2899 1037 2942 resonos
1054 2880 1170 2963 polum,
1196 2915 1235 2922 -

168 2959 171 2963 ’
297 2985 379 3044 358:
752 2986 828 3069 quid
849 2985 953 3048 lubeat
975 2986 1049 3048 olens

507 3093 612 3176 effare,
639 3093 776 3177 Coronos,
800 3115 911 3178 nosque
933 3096 1054 3158 coasilio
1077 3116 1152 3178 rope.

401 3196 637 3279 Astyanactem
669 3201 817 3262 amatre
850 3199 1045 3263 occultatum
1076 3203 1110 3263 et
1133 3201 1174 3263 ab
1198 3198 1405 3264 Ulixeinda-

295 3309 407 3386 gatum
431 3303 534 3368 eidem
560 3302 711 3384 Sophocli
734 3304 845 3370 deberi
869 3323 977 3370 omnes
1001 3304 1115 3369 sciunt.
1154 3305 1212 3369 sed
1236 3304 1406 3370 considera

296 3412 450 3490 quomodo
472 3410 595 3477 Seneca
618 3411 747 3493 ingenio
772 3432 828 3477 suo
852 3408 886 3477 id
909 3411 1088 3493 adaptarit.
1112 3431 1187 3477 nam
1202 3432 1273 3477 cum
1286 3412 1404 3477 Accius

296 3516 354 3602 (sc.
381 3517 492 3604 Soph.)
515 3536 649 3609 puerum
672 3517 705 3581 in
737 3517 870 3582 remotis
894 3517 1031 3583 saltibus
1060 3517 1248 3582 latitantem
1273 3518 1405 3583 finxerit

295 3628 458 3706 repertum
487 3644 557 3690 esse
588 3645 608 3689 a
637 3625 784 3690 ministro
813 3626 950 3705 quodam
982 3625 1024 3689 ad
1055 3625 1278 3705 inquirendum
1315 3625 1404 3690 illum

295 3730 391 3795 misso
425 3729 478 3809 qui
501 3730 588 3795 Ulixi
621 3730 790 3811 quaerenti
821 3731 855 3796 id
884 3731 1021 3812 nuntiet,
1054 3731 1177 3796 Seneca
1207 3737 1404 3796 commentus

295 3841 346 3901 est
368 3835 627 3901 Andromacham
649 3836 868 3903 recondidisse
890 3837 989 3902 filium
1012 3837 1046 3901 in
1068 3836 1173 3918 patris
1196 3838 1300 3901 busto.
1343 3856 1403 3916 quo

402 4010 422 4079 ¹)
450 4011 505 4065 noli
524 4011 643 4065 oblivisci
661 4013 788 4068 Senecam
806 4030 830 4067 v.
851 4015 901 4066 170
920 4030 957 4081 sq.
990 4012 1138 4080 respexisse
1157 4012 1239 4066 ctiam
1267 4013 1301 4066 ad
1319 4014 1402 4083 Verg.

294 4102 360 4155 Aen.
380 4101 420 4154 VI
438 4089 489 4153 255
509 4117 559 4168 sq.:
586 4121 639 4156 ecce
658 4110 756 4168 autom,
775 4107 864 4170 primi
885 4105 934 4156 sab
962 4106 1067 4155 lumino
1085 4104 1151 4155 solie
1176 4110 1200 4156 et
1229 4110 1305 4155 ortas
1323 4103 1334 4172 l
1353 4106 1402 4155 snb

290 4193 406 4258 pedibus
420 4194 522 4257 mopere
541 4193 627 4244 solam
642 4199 667 4245 et
682 4195 746 4259 iupa
760 4199 851 4259 coopto
864 4195 964 4246 rameri
980 4192 991 4261 l
1010 4195 1141 4245 siluarum
1159 4223 1192 4232 -
1213 4232 1219 4244 .
1238 4198 1402 4260 postremum

294 4296 320 4333 v.
338 4279 395 4348 ipse
414 4278 504 4332 adfert
521 4285 577 4333 nat.
596 4285 697 4348 quaest.
718 4280 765 4346 VI,
786 4282 827 4346 13,
846 4282 870 4334 5.
