3052 4882
209 337 255 412 72

253 555 332 615 199:
575 553 644 616 noui
666 574 714 636 eqo
737 553 894 636 inpeninnn
916 552 977 614 uiri

364 661 507 723 indocile:
529 660 607 742 flecti
629 680 691 722 non
707 666 803 742 potest
826 695 866 702 —
889 659 1000 742 fronpi
1017 666 1119 742 potest.

360 767 495 850 proinde
517 773 682 850 annonem
704 786 734 828 se
755 765 864 846 firmet
887 773 941 828 ont
963 767 1040 828 erices
1058 772 1168 849 pocot,

360 880 485 956 petotnr
506 873 595 955 nltro,
620 892 657 934 ne
680 873 873 955 quiescentem
890 879 983 956 punt.

207 996 286 1057 quos
317 995 430 1043 versus
462 974 671 1056 contemplati
703 975 840 1040 animum
873 975 1025 1040 inducere
1056 995 1120 1040 non
1147 992 1315 1056 possumus

206 1088 244 1149 ut
268 1083 423 1148 Senecam
456 1082 629 1147 secundum
651 1081 782 1146 Accium
812 1101 866 1146 eos
889 1082 1021 1147 finxisse
1045 1102 1115 1146 cum
1137 1080 1316 1146 Ribbeckio

152 1244 155 1248 .
207 1189 385 1255 credamus.
432 1187 512 1252 nihil
544 1187 628 1252 enim
660 1188 911 1268 deprehenditur
942 1189 1005 1254 nisi
1037 1207 1150 1254 sensus
1178 1187 1316 1267 quodam

201 1296 299 1366 modo
331 1295 459 1373 utrique
483 1294 666 1359 communis.
714 1294 840 1359 accedit
871 1295 969 1360 etiam
1001 1295 1086 1375 quod
1120 1294 1243 1358 Seneca
1276 1292 1316 1356 de

208 1404 373 1485 Thyestae
395 1401 504 1466 reditu
528 1401 626 1465 aliam
648 1401 791 1466 fabulam
815 1406 866 1466 est
888 1406 1028 1467 secutus.

312 1508 433 1573 Atreus
462 1512 620 1590 tyrannus
652 1507 806 1572 familiari
833 1507 976 1572 monenti
1006 1527 1077 1572 eum
1100 1526 1141 1571 ne
1165 1505 1317 1586 superbia

207 1615 411 1694 saevitiaque
434 1615 467 1679 iu
487 1615 653 1696 Thyesten
675 1620 843 1695 grassatus
867 1613 901 1678 in
923 1614 1029 1679 odium
1049 1613 1317 1691 offensionemque

207 1723 324 1790 civium
359 1722 465 1787 irruat
504 1721 679 1801 respondet
716 1720 769 1805 (ir.
804 1720 852 1805 5):
894 1725 1026 1806 oderint,
1063 1724 1138 1786 dnn
1169 1727 1316 1784 metuont.

207 1829 324 1895 iisdem
348 1827 452 1893 causis
475 1846 551 1892 usus
575 1831 626 1891 est
649 1826 773 1892 Seneca
795 1848 826 1894 v.
852 1833 916 1892 204
939 1847 985 1907 sq.

631 1933 743 1998 Satell.
788 1935 891 1998 Fano
915 1943 942 1999 te
959 1937 1068 2020 poprnli
1091 1935 1169 1998 nihil

368 2044 497 2105 aduerso
516 2040 633 2104 terret?
661 2038 732 2102 An.
752 2041 928 2104 Menirnnen
950 2041 1005 2104 leoc
1027 2042 1114 2125 renni
1137 2041 1247 2103 bonnm
1267 2046 1316 2122 est,

368 2150 448 2233 qnod
469 2147 556 2228 fecto
579 2149 697 2210 donnini
716 2149 831 2231 copitar·
847 2149 980 2231 populns
998 2150 1047 2212 sni

367 2254 531 2335 ininferna
549 2275 642 2336 qnurn
660 2255 800 2317 lucidare.
827 2251 895 2316 Sat.
925 2255 1030 2332 Qnos
1057 2255 1167 2338 cepit
1189 2262 1318 2318 rnetns

259 2368 262 2373 ’
367 2360 569 2440 lonclare,
600 2359 756 2421 eosdem
779 2360 1144 2422 redditinirnicos
1176 2366 1316 2422 rnetns

254 2469 334 2529 211:
366 2463 439 2526 Aa.
464 2465 552 2527 Lens
574 2486 644 2527 cern
668 2472 694 2527 et
715 2465 826 2527 lenrnili
848 2486 935 2548 saepe
958 2467 1102 2549 continuit
1127 2467 1201 2548 niro,

464 2592 526 2633 non
548 2573 610 2633 nisi
627 2573 743 2654 potenti
764 2571 859 2652 fulsc.
907 2573 987 2655 qnod
1009 2573 1117 2634 nolunt
1138 2573 1236 2634 uelint.

210 2677 249 2742 de
278 2676 393 2756 quibus
422 2674 620 2740 Ribbeckius
653 2675 780 2754 quidem
818 2678 899 2740 haec
935 2676 1060 2740 iudicat
1096 2677 1230 2741 ‘Seneca
1259 2678 1318 2741 hat

208 2783 275 2849 sich
300 2783 352 2848 die
372 2782 587 2866 Gelegenheit
602 2782 695 2846 einer
713 2783 877 2848 variation
899 2783 990 2847 nicht
1008 2786 1169 2865 eutgehen
1187 2784 1316 2848 lassen’

208 2891 267 2955 sed
298 2890 327 2955 si
349 2889 398 2954 ita
422 2893 481 2971 est,
514 2893 624 2953 uotum
656 2894 707 2953 est
738 2909 848 2955 vocem
881 2890 969 2953 illam
999 2889 1162 2970 proverbii
1191 2891 1260 2955 loco
1284 2889 1317 2954 in

208 2996 347 3061 omnium
370 3015 425 3060 ore
448 2995 548 3060 fuisse
572 3015 666 3074 quam
691 2995 815 3060 Seneca
839 2996 909 3076 ipse
941 2996 974 3060 in
997 2996 1202 3077 pedestribus
1225 2996 1318 3060 libris

207 3101 295 3166 haud
318 3101 367 3165 ita
389 3121 463 3165 raro
489 3099 636 3165 adhibuit
659 3099 703 3184 (v.
728 3120 826 3181 supra
849 3121 879 3181 p.
907 3108 944 3164 15
971 3101 1043 3186 sq.).

207 3206 365 3270 Fortasse
388 3207 449 3270 huc
472 3205 589 3270 referri
613 3205 733 3270 debent
750 3206 826 3270 Ace.
850 3206 934 3288 frag.
954 3206 1015 3271 inc.
1044 3213 1057 3270 l
1080 3227 1111 3272 v.
1133 3212 1210 3270 651:

252 3315 341 3378 nenlti
362 3315 464 3399 iniqni
487 3321 577 3399 otqne
600 3313 737 3394 infideles
760 3335 860 3398 scyno,
879 3316 977 3398 pulici
999 3315 1125 3377 benivoli

208 3423 242 3483 et
265 3419 348 3483 Eun.
372 3418 434 3483 inc.
458 3418 520 3500 fug.
547 3423 587 3481 36
611 3437 642 3484 v.
667 3423 748 3482 379:

252 3547 339 3609 quern
363 3532 507 3608 innuunt,
532 3526 677 3609 odernnt;
709 3547 796 3609 queem
819 3526 943 3609 unisque
966 3528 1037 3610 octe,
1061 3527 1188 3610 periisse
1206 3528 1318 3611 ,enpretit

208 3635 242 3695 et
265 3636 325 3695 38:
485 3633 573 3695 nnlln
596 3639 702 3695 sancto
725 3633 847 3695 societas
867 3631 879 3715 l
901 3655 953 3696 nec
975 3634 1050 3715 ficies
1073 3636 1159 3717 renni
1181 3641 1221 3697 est

209 3755 228 3800 a
251 3736 345 3801 Ribb.
371 3736 425 3800 Tr.
449 3735 487 3799 R.
512 3756 543 3816 p.
569 3741 631 3800 202
656 3736 786 3799 conlata
809 3755 879 3800 cum
904 3736 976 3800 Seu.
1001 3757 1031 3802 v.
1058 3743 1138 3801 215:

527 3841 639 3905 Satell.
670 3844 727 3906 Ubi
749 3865 811 3906 non
833 3852 874 3907 est
891 3846 996 3928 pacior

366 3970 420 4012 nec
442 3970 518 4013 cnrn
541 3950 621 4012 inuis
643 3951 787 4012 sanctitas
805 3951 905 4033 pictos
926 3950 1011 4032 fides,

366 4055 506 4118 instabile
527 4076 655 4139 reynnrn
679 4062 727 4118 est.

209 4159 364 4224 eiusmodi
387 4158 568 4224 sententias
593 4178 630 4224 eo
653 4179 753 4239 usque
778 4160 901 4224 Seneca
930 4160 1097 4227 adamavit
1120 4166 1156 4226 ut
1178 4162 1316 4227 ubicum-

208 4286 269 4346 que
289 4265 379 4333 .ferri
407 4271 540 4347 possent
571 4285 628 4332 eas
658 4267 837 4332 adhiberet.
871 4267 911 4332 cf.
937 4287 964 4333 e.
989 4288 1037 4350 gr.
1062 4268 1141 4333 Oed.
1167 4275 1228 4333 703
1253 4289 1314 4351 sq.;
