3052 4882
1264 330 1311 402 cl

207 535 262 607 Tr.
286 542 326 607 R.
350 564 381 625 p.
407 540 495 628 alo).
519 554 624 608 nonne
642 542 743 625 igitur
761 541 859 607 facile
882 546 919 606 ut
942 541 1110 607 credamus
1129 538 1317 605 adducimur

206 649 417 730 posteriorem
446 653 574 731 poetam
607 649 744 731 primum
776 648 919 713 fabulam
943 648 1111 712 docentem
1135 665 1217 726 quae
1246 645 1316 710 iere

207 755 292 820 idem
316 760 538 838 argumentum
563 755 751 821 continebat
773 774 889 820 novum
913 753 1036 833 aliquid
1058 751 1254 835 praebuisse,
1288 751 1317 816 si

207 861 334 941 quidem
352 861 387 926 id
406 865 530 944 ageret,
549 867 587 927 ut
605 862 762 928 adversus
776 861 875 926 Ennii
894 861 1123 926 auctoritatem
1142 858 1316 924 secundum

207 967 269 1033 sibi
291 972 426 1049 pararet
455 987 706 1050 prosperumque
730 968 947 1049 proventum?
987 967 1071 1048 quod
1094 985 1171 1033 vero
1199 984 1316 1030 novum

206 1073 357 1154 praebuit
378 1094 441 1138 non
471 1074 504 1138 in
534 1094 572 1140 66
600 1075 689 1140 cerni
711 1078 851 1156 poterat,
877 1074 961 1153 quod
983 1072 1150 1154 Euripidis
1173 1071 1316 1137 fabulam

207 1180 320 1245 melius
329 1184 459 1245 vertere
473 1180 536 1246 sibi
549 1181 717 1248 videretur
732 1200 827 1260 quam
840 1179 975 1261 Ennius
991 1179 1049 1244 sed
1064 1179 1147 1259 quod
1162 1178 1204 1243 ad
1219 1177 1317 1242 alium

206 1290 336 1367 poetam
372 1285 531 1352 Graecum
568 1286 731 1373 rediret.¹)
764 1325 803 1332 -
837 1291 935 1367 atque
971 1285 1005 1350 in
1037 1284 1221 1352 universum
1256 1285 1317 1349 hoc

207 1393 414 1458 statuendum
450 1397 500 1458 est
533 1393 666 1459 Accium
697 1394 883 1475 plerumque
918 1392 951 1457 in
989 1411 1099 1456 earum
1135 1390 1317 1457 fabularum

208 1498 406 1582 argumentis
443 1518 523 1578 quas
559 1499 624 1565 iam
660 1499 785 1565 Ennius
822 1504 857 1564 et
890 1498 1053 1565 Pacuvius
1093 1497 1127 1562 in
1167 1516 1316 1563 scaenam

207 1605 364 1671 miserant
383 1609 527 1671 secutum
546 1626 617 1671 esse
637 1606 718 1671 alios
738 1610 897 1671 auctores.
922 1604 969 1670 sic
987 1604 1145 1669 Ennianis
1163 1605 1316 1670 Hecubae

208 1715 243 1776 et
265 1711 511 1777 Andromachae
533 1713 664 1778 Aechm.
690 1713 840 1795 opposuit
863 1712 1008 1777 Troades
1031 1716 1065 1777 et
1083 1711 1316 1794 Astyanactem

208 1837 226 1883 6
269 1817 454 1899 Sophocleis
494 1818 662 1901 Polyxena
712 1822 747 1883 et
787 1818 934 1900 Captivis
983 1818 1107 1882 ductas
1167 1816 1317 1898 opposuit

209 1923 360 2005 deinceps
390 1924 488 1989 Ennii
519 1925 655 1990 Medeae
694 1930 728 1990 et
762 1924 899 1991 Pacuvii
934 1924 1029 1988 Medo
1062 1923 1210 1990 Medeam
1247 1923 1316 1990 sive

208 2031 416 2114 Argonautas
453 2030 594 2096 fortasse
626 2051 644 2097 6
678 2031 775 2112 Soph.
810 2030 939 2114 Scythis
977 2029 1020 2116 (v.
1054 2049 1153 2112 supra
1184 2050 1215 2111 p.
1249 2029 1315 2115 34).

208 2138 406 2219 Eurysacem
429 2136 656 2221 (probabiliter
680 2136 904 2223 Sophocleam)
927 2137 1025 2203 valde
1053 2135 1216 2203 diversam
1245 2155 1317 2201 esse

210 2246 250 2309 ab
290 2243 389 2308 Ennii
430 2244 603 2309 Telamone
645 2249 678 2309 et
720 2263 740 2308 a
780 2242 916 2310 Pacuvii
957 2244 1080 2308 Teucro
1120 2242 1317 2307 Ribbeckius

209 2349 370 2432 ostendit;
390 2349 468 2415 item
487 2350 587 2417 evicit
608 2350 693 2415 idem
713 2349 764 2416 vir
783 2350 896 2415 doctus
914 2349 1047 2415 Accium
1064 2348 1097 2413 in
1111 2348 1317 2413 Andromeda

210 2456 297 2521 aliud
329 2457 493 2538 exemplar
525 2456 676 2522 habuisse
714 2476 809 2536 quam
839 2455 1042 2538 Euripidium
1079 2456 1163 2536 quod
1194 2454 1318 2520 Ennius

209 2561 319 2628 vertit.
344 2562 448 2627 minus
471 2567 579 2627 autem
602 2567 692 2629 recte
715 2562 912 2629 Ribbeckius
932 2560 1114 2628 Casauboni
1137 2560 1317 2643 opinionem

208 2668 342 2751 repetiit
369 2689 465 2750 quam
495 2669 701 2738 refutaverat
724 2671 915 2736 Welckerus
947 2689 978 2750 p.
1004 2673 1067 2733 349
1101 2687 1159 2749 sq.,
1192 2667 1318 2732 scilicet

208 2775 447 2840 Andromedam
470 2775 680 2857 Sophocleam
704 2776 847 2842 fabulam
869 2775 969 2840 fuisse
993 2774 1178 2857 satyricam.
1225 2793 1318 2856 argu-

208 2880 325 2946 mentis
357 2881 441 2947 enim
467 2882 562 2947 nimis
593 2883 729 2949 exilibus
758 2882 874 2947 nititur
903 2881 973 2966 (Tr.
996 2881 1036 2945 R.
1067 2901 1097 2962 p.
1131 2886 1191 2945 163
1216 2880 1316 2965 adn),

211 2987 251 3052 de
274 2987 388 3066 quibus
420 2987 568 3053 conferas
590 2989 725 3053 Robert.
751 2990 910 3054 archaeol.
935 2987 1041 3070 Zeitg.
1065 2987 1129 3053 vol.
1154 2992 1195 3050 36
1218 3006 1250 3068 p.
1277 2992 1315 3051 17

211 3093 284 3157 adn.
307 3099 356 3158 12.
381 3093 491 3172 itaque
509 3095 571 3159 hac
595 3095 711 3160 saltem
734 3099 892 3175 exparte
915 3094 995 3158 nihil
1019 3096 1129 3159 obstat
1151 3092 1317 3172 quominus

210 3198 342 3263 Accium
360 3198 393 3263 in
407 3198 795 3282 AndromedaSophoclis
808 3199 958 3283 vestigiis
972 3199 1131 3265 institisse
1146 3218 1316 3264 sumamus.

210 3324 306 3387 porro
342 3304 375 3369 11
398 3305 570 3371 Alcmeone
604 3304 954 3392 (161111166116611)
983 3306 1071 3371 ahud
1094 3310 1317 3388 argumentum

211 3414 389 3476 tractatum
420 3411 484 3477 fuit
512 3432 607 3492 quam
634 3411 669 3477 in
699 3413 798 3478 Ennii
821 3411 1007 3496 cognomine
1030 3412 1141 3477 fabula
1171 3430 1254 3491 quae
1277 3430 1318 3476 ex

211 3519 289 3583 Eur.
319 3518 491 3583 Alcmeone
528 3520 577 3582 διὰ
614 3519 762 3602 Ψωφῖδος
797 3517 971 3601 pependit3
1007 3517 1126 3584 Accius
1158 3522 1271 3582 contra
1299 3537 1317 3583 6

212 3624 390 3705 Sophoclea
412 3624 530 3706 hausit,
553 3632 590 3689 ut
607 3626 799 3690 Welckerus
821 3645 852 3707 p.
874 3631 936 3690 279
956 3624 1103 3689 coniecit.
1121 3623 1156 3689 in
1175 3624 1317 3705 Telepho

211 3750 289 3797 vero
324 3730 380 3795 ille
416 3750 480 3795 non
514 3750 711 3813 magnopere
748 3733 790 3797 ab
826 3731 931 3796 Ennio
968 3729 1141 3796 dissentire
1176 3729 1317 3796 videtur.

320 4013 341 4081 ¹)
359 4029 412 4066 non
430 4012 524 4082 ignoro
542 4013 673 4068 Naevium
691 4029 750 4068 cum
768 4013 845 4069 Livio
864 4019 982 4068 certasse
1008 4012 1036 4066 in
1060 4011 1136 4080 Equo
1155 4010 1270 4065 Troiano
1290 4016 1319 4065 et

213 4101 313 4154 Danae.
351 4102 398 4155 sed
414 4102 482 4156 nihil
500 4104 533 4156 de
552 4117 642 4155 eorum
661 4101 854 4170 exemplaribus
873 4106 987 4155 constat.
1022 4099 1111 4168 paullo
1133 4105 1193 4167 post
1215 4099 1318 4153 Ennius

214 4190 417 4244 certoiteravit
434 4191 500 4244 duas
517 4190 621 4244 fabulas
639 4190 692 4244 iam
710 4207 726 4243 a
744 4189 821 4244 Livio
840 4190 943 4243 doctas.-
970 4189 1079 4243 Aiacem
1098 4187 1270 4256 Sophocleam
1289 4193 1318 4242 et

213 4278 409 4331 Andromedam
418 4278 596 4346 Euripideum.
607 4278 681 4346 atqui
691 4277 744 4331 alia
753 4293 797 4331 res
806 4282 861 4332 est:
874 4277 968 4331 Livius
976 4276 1054 4331 nimis
1067 4275 1179 4330 barbare
1187 4281 1316 4331 verterat.
